DateTime,ask,bid,currency,pair,real_price
2024-04-06 18:23:22.465612,68241.0366971897,68166.5676378075,USD,BTCUSD,68203.8021674986
2024-04-06 18:23:24.978164,68241.0366971897,68166.5676378075,USD,BTCUSD,68203.8021674986
2024-04-06 18:23:27.359239,68245.7318917644,68168.8375536163,USD,BTCUSD,68207.28472269035
2024-04-06 18:23:29.551782,68245.7318917644,68168.8375536163,USD,BTCUSD,68207.28472269035
2024-04-06 18:23:31.616867,68245.7318917644,68168.8375536163,USD,BTCUSD,68207.28472269035
2024-04-06 18:23:33.689858,68238.1189425454,68170.5734689999,USD,BTCUSD,68204.34620577266
2024-04-06 18:23:36.022587,68238.1189425454,68170.5734689999,USD,BTCUSD,68204.34620577266
2024-04-06 18:23:38.401730,68237.5578294173,68168.8375536163,USD,BTCUSD,68203.1976915168
2024-04-06 18:23:40.482380,68237.5578294173,68168.8375536163,USD,BTCUSD,68203.1976915168
2024-04-06 18:23:42.695774,68237.5578294173,68168.8375536163,USD,BTCUSD,68203.1976915168
2024-04-06 18:23:44.725884,68236.2234955516,68168.5041699692,USD,BTCUSD,68202.3638327604
2024-04-06 18:23:46.761963,68236.2234955516,68168.5041699692,USD,BTCUSD,68202.3638327604
2024-04-06 18:23:48.816831,68237.5507505363,68170.438467771,USD,BTCUSD,68203.99460915365
2024-04-06 18:23:50.876845,68237.5507505363,68170.438467771,USD,BTCUSD,68203.99460915365
2024-04-06 18:23:52.916806,68237.5507505363,68170.438467771,USD,BTCUSD,68203.99460915365
2024-04-06 18:23:54.976051,68241.5623434377,68175.300905766,USD,BTCUSD,68208.43162460186
2024-04-06 18:23:57.056666,68241.5623434377,68175.300905766,USD,BTCUSD,68208.43162460186
2024-04-06 18:23:59.089672,68243.5085352719,68174.2086270493,USD,BTCUSD,68208.8585811606
2024-04-06 18:24:01.278698,68243.5085352719,68174.2086270493,USD,BTCUSD,68208.8585811606
2024-04-06 18:24:03.327116,68243.5085352719,68174.2086270493,USD,BTCUSD,68208.8585811606
2024-04-06 18:24:05.366143,68252.6075030629,68176.3405380966,USD,BTCUSD,68214.47402057974
2024-04-06 18:24:07.647385,68252.6075030629,68176.3405380966,USD,BTCUSD,68214.47402057974
2024-04-06 18:24:09.734027,68252.6075030629,68176.3405380966,USD,BTCUSD,68214.47402057974
2024-04-06 18:24:11.810287,68245.3030343049,68176.3405380966,USD,BTCUSD,68210.82178620074
2024-04-06 18:24:13.876491,68245.3030343049,68176.3405380966,USD,BTCUSD,68210.82178620074
2024-04-06 18:24:16.002722,68245.1868741541,68176.3115158978,USD,BTCUSD,68210.74919502594
2024-04-06 18:24:18.042337,68245.1868741541,68176.3115158978,USD,BTCUSD,68210.74919502594
2024-04-06 18:24:20.122329,68245.1868741541,68176.3115158978,USD,BTCUSD,68210.74919502594
2024-04-06 18:24:22.211312,68245.2627209703,68176.3115158978,USD,BTCUSD,68210.78711843406
2024-04-06 18:24:24.292012,68245.2627209703,68176.3115158978,USD,BTCUSD,68210.78711843406
2024-04-06 18:24:26.374436,68245.1868741541,68176.3580058861,USD,BTCUSD,68210.7724400201
2024-04-06 18:24:28.484626,68245.1868741541,68176.3580058861,USD,BTCUSD,68210.7724400201
2024-04-06 18:24:30.593970,68245.1868741541,68176.3580058861,USD,BTCUSD,68210.7724400201
2024-04-06 18:24:32.679547,68248.6729929463,68176.1530958222,USD,BTCUSD,68212.41304438424
2024-04-06 18:24:34.787207,68248.6729929463,68176.1530958222,USD,BTCUSD,68212.41304438424
2024-04-06 18:24:37.003560,68248.6729929463,68176.1530958222,USD,BTCUSD,68212.41304438424
2024-04-06 18:24:39.105933,68253.4012293653,68176.0540832711,USD,BTCUSD,68214.7276563182
2024-04-06 18:24:41.135324,68253.4012293653,68176.0540832711,USD,BTCUSD,68214.7276563182
2024-04-06 18:24:43.178492,68249.4431714799,68175.4173231964,USD,BTCUSD,68212.43024733814
2024-04-06 18:24:45.237426,68249.4431714799,68175.4173231964,USD,BTCUSD,68212.43024733814
2024-04-06 18:24:47.276839,68249.4431714799,68175.4173231964,USD,BTCUSD,68212.43024733814
2024-04-06 18:24:49.712164,68250.4541692346,68175.9501200893,USD,BTCUSD,68213.20214466195
2024-04-06 18:24:51.982768,68250.4541692346,68175.9501200893,USD,BTCUSD,68213.20214466195
2024-04-06 18:24:54.028046,68252.1952355669,68176.4654676914,USD,BTCUSD,68214.33035162915
2024-04-06 18:24:56.230555,68252.1952355669,68176.4654676914,USD,BTCUSD,68214.33035162915
2024-04-06 18:24:58.245626,68252.1952355669,68176.4654676914,USD,BTCUSD,68214.33035162915
2024-04-06 18:25:00.292026,68252.1952355669,68177.5595567463,USD,BTCUSD,68214.8773961566
2024-04-06 18:25:02.425648,68252.1952355669,68177.5595567463,USD,BTCUSD,68214.8773961566
2024-04-06 18:25:04.491997,68251.3122195071,68176.3980932149,USD,BTCUSD,68213.85515636101
2024-04-06 18:25:06.579497,68251.3122195071,68176.3980932149,USD,BTCUSD,68213.85515636101
2024-04-06 18:25:08.624130,68251.3122195071,68176.3980932149,USD,BTCUSD,68213.85515636101
2024-04-06 18:25:10.697176,68255.3658896359,68176.3980932149,USD,BTCUSD,68215.8819914254
2024-04-06 18:25:12.778818,68255.3658896359,68176.3980932149,USD,BTCUSD,68215.8819914254
2024-04-06 18:25:14.917773,68255.3658896359,68176.3980932149,USD,BTCUSD,68215.8819914254
2024-04-06 18:25:16.985845,68245.2462220488,68176.3980932149,USD,BTCUSD,68210.82215763185
2024-04-06 18:25:19.172921,68245.2462220488,68176.3980932149,USD,BTCUSD,68210.82215763185
2024-04-06 18:25:21.238671,68246.6359014662,68176.3980932149,USD,BTCUSD,68211.51699734054
2024-04-06 18:25:23.343713,68246.6359014662,68176.3980932149,USD,BTCUSD,68211.51699734054
2024-04-06 18:25:25.387834,68246.6359014662,68176.3980932149,USD,BTCUSD,68211.51699734054
2024-04-06 18:25:27.470507,68246.2572208909,68176.3980932149,USD,BTCUSD,68211.3276570529
2024-04-06 18:25:29.563499,68246.2572208909,68176.3980932149,USD,BTCUSD,68211.3276570529
2024-04-06 18:25:31.743998,68247.1411679756,68176.3980932149,USD,BTCUSD,68211.76963059526
2024-04-06 18:25:33.804603,68247.1411679756,68176.3980932149,USD,BTCUSD,68211.76963059526
2024-04-06 18:25:35.886972,68247.1411679756,68176.3980932149,USD,BTCUSD,68211.76963059526
2024-04-06 18:25:38.094059,68247.8229153902,68176.7911273156,USD,BTCUSD,68212.3070213529
2024-04-06 18:25:40.144291,68247.8229153902,68176.7911273156,USD,BTCUSD,68212.3070213529
2024-04-06 18:25:42.242604,68250.4108197641,68176.3980932149,USD,BTCUSD,68213.4044564895
2024-04-06 18:25:44.306864,68250.4108197641,68176.3980932149,USD,BTCUSD,68213.4044564895
2024-04-06 18:25:46.405144,68250.4108197641,68176.3980932149,USD,BTCUSD,68213.4044564895
2024-04-06 18:25:48.464686,68257.8922292537,68176.3980932149,USD,BTCUSD,68217.14516123431
2024-04-06 18:25:50.514653,68257.8922292537,68176.3980932149,USD,BTCUSD,68217.14516123431
2024-04-06 18:25:52.552252,68257.8922292537,68176.3980932149,USD,BTCUSD,68217.14516123431
2024-04-06 18:25:54.630948,68255.3534488453,68181.9677776735,USD,BTCUSD,68218.6606132594
2024-04-06 18:25:56.679936,68255.3534488453,68181.9677776735,USD,BTCUSD,68218.6606132594
2024-04-06 18:25:58.733924,68257.5220480207,68182.2054208606,USD,BTCUSD,68219.86373444065
2024-04-06 18:26:00.785029,68257.5220480207,68182.2054208606,USD,BTCUSD,68219.86373444065
2024-04-06 18:26:02.865318,68257.5220480207,68182.2054208606,USD,BTCUSD,68219.86373444065
2024-04-06 18:26:05.182095,68262.5864590137,68189.9443689806,USD,BTCUSD,68226.26541399716
2024-04-06 18:26:07.244168,68262.5864590137,68189.9443689806,USD,BTCUSD,68226.26541399716
2024-04-06 18:26:09.278988,68262.1112796999,68190.4717617462,USD,BTCUSD,68226.29152072305
2024-04-06 18:26:11.470303,68262.1112796999,68190.4717617462,USD,BTCUSD,68226.29152072305
2024-04-06 18:26:13.553130,68262.1112796999,68190.4717617462,USD,BTCUSD,68226.29152072305
2024-04-06 18:26:15.602940,68267.9347583178,68194.4249015284,USD,BTCUSD,68231.1798299231
2024-04-06 18:26:17.665027,68267.9347583178,68194.4249015284,USD,BTCUSD,68231.1798299231
2024-04-06 18:26:19.711263,68267.9347583178,68194.4249015284,USD,BTCUSD,68231.1798299231
2024-04-06 18:26:21.767326,68272.8754797661,68200.0446705254,USD,BTCUSD,68236.46007514575
2024-04-06 18:26:23.800020,68272.8754797661,68200.0446705254,USD,BTCUSD,68236.46007514575
2024-04-06 18:26:26.017034,68272.4989579905,68198.482386774,USD,BTCUSD,68235.49067238225
2024-04-06 18:26:28.022491,68272.4989579905,68198.482386774,USD,BTCUSD,68235.49067238225
2024-04-06 18:26:30.191423,68272.4989579905,68198.482386774,USD,BTCUSD,68235.49067238225
2024-04-06 18:26:32.229350,68282.4303199921,68200.8107155764,USD,BTCUSD,68241.62051778425
2024-04-06 18:26:34.292451,68282.4303199921,68200.8107155764,USD,BTCUSD,68241.62051778425
2024-04-06 18:26:36.392993,68282.4303199921,68200.8107155764,USD,BTCUSD,68241.62051778425
2024-04-06 18:26:38.456341,68285.3659335766,68199.2148263659,USD,BTCUSD,68242.29037997125
2024-04-06 18:26:40.505768,68285.3659335766,68199.2148263659,USD,BTCUSD,68242.29037997125
2024-04-06 18:26:42.554761,68233.764265312,68192.3350087773,USD,BTCUSD,68213.04963704465
2024-04-06 18:26:44.639411,68233.764265312,68192.3350087773,USD,BTCUSD,68213.04963704465
2024-04-06 18:26:46.683611,68233.764265312,68192.3350087773,USD,BTCUSD,68213.04963704465
2024-04-06 18:26:48.741240,68231.2688765578,68187.1694551867,USD,BTCUSD,68209.21916587226
2024-04-06 18:26:50.852091,68231.2688765578,68187.1694551867,USD,BTCUSD,68209.21916587226
2024-04-06 18:26:52.923895,68232.976601012,68188.1247963231,USD,BTCUSD,68210.55069866755
2024-04-06 18:26:54.950558,68232.976601012,68188.1247963231,USD,BTCUSD,68210.55069866755
2024-04-06 18:26:56.999720,68232.976601012,68188.1247963231,USD,BTCUSD,68210.55069866755
2024-04-06 18:26:59.098259,68232.9614436907,68188.075296789,USD,BTCUSD,68210.51837023985
2024-04-06 18:27:01.140407,68232.9614436907,68188.075296789,USD,BTCUSD,68210.51837023985
2024-04-06 18:27:03.189225,68232.9614436907,68188.075296789,USD,BTCUSD,68210.51837023985
2024-04-06 18:27:05.225776,68234.9879893948,68191.2135657956,USD,BTCUSD,68213.10077759519
2024-04-06 18:27:07.280237,68234.9879893948,68191.2135657956,USD,BTCUSD,68213.10077759519
2024-04-06 18:27:09.383162,68235.4932337692,68191.515512658,USD,BTCUSD,68213.5043732136
2024-04-06 18:27:11.488099,68235.4932337692,68191.515512658,USD,BTCUSD,68213.5043732136
2024-04-06 18:27:13.550309,68235.4932337692,68191.515512658,USD,BTCUSD,68213.5043732136
2024-04-06 18:27:15.582516,68253.9650185153,68198.8584731813,USD,BTCUSD,68226.41174584831
2024-04-06 18:27:17.649548,68253.9650185153,68198.8584731813,USD,BTCUSD,68226.41174584831
2024-04-06 18:27:19.699373,68253.9650185153,68198.8584731813,USD,BTCUSD,68226.41174584831
2024-04-06 18:27:21.749755,68249.8118898693,68210.5519921852,USD,BTCUSD,68230.18194102726
2024-04-06 18:27:23.906483,68249.8118898693,68210.5519921852,USD,BTCUSD,68230.18194102726
2024-04-06 18:27:26.007594,68246.1539071907,68206.819498787,USD,BTCUSD,68226.48670298886
2024-04-06 18:27:28.091866,68246.1539071907,68206.819498787,USD,BTCUSD,68226.48670298886
2024-04-06 18:27:30.165707,68247.192100883,68198.8467313919,USD,BTCUSD,68223.01941613745
2024-04-06 18:27:32.719677,68247.192100883,68198.8467313919,USD,BTCUSD,68223.01941613745
2024-04-06 18:27:34.783481,68247.192100883,68198.8467313919,USD,BTCUSD,68223.01941613745
2024-04-06 18:27:36.819475,68240.4547374275,68195.8645570732,USD,BTCUSD,68218.15964725034
2024-04-06 18:27:38.886836,68240.4547374275,68195.8645570732,USD,BTCUSD,68218.15964725034
2024-04-06 18:27:40.928282,68240.4547374275,68195.8645570732,USD,BTCUSD,68218.15964725034
2024-04-06 18:27:43.010044,68238.6440460671,68195.8645570732,USD,BTCUSD,68217.25430157015
2024-04-06 18:27:45.139284,68238.6440460671,68195.8645570732,USD,BTCUSD,68217.25430157015
2024-04-06 18:27:47.285139,68233.764265312,68196.6912529793,USD,BTCUSD,68215.22775914565
2024-04-06 18:27:49.365402,68233.764265312,68196.6912529793,USD,BTCUSD,68215.22775914565
2024-04-06 18:27:51.442376,68233.764265312,68196.6912529793,USD,BTCUSD,68215.22775914565
2024-04-06 18:27:53.733642,68230.1068160184,68180.9691448809,USD,BTCUSD,68205.53798044965
2024-04-06 18:27:55.909953,68230.1068160184,68180.9691448809,USD,BTCUSD,68205.53798044965
2024-04-06 18:27:57.974350,68215.0763670662,68169.4478814921,USD,BTCUSD,68192.26212427915
2024-04-06 18:28:00.023680,68215.0763670662,68169.4478814921,USD,BTCUSD,68192.26212427915
2024-04-06 18:28:02.117885,68215.0763670662,68169.4478814921,USD,BTCUSD,68192.26212427915
2024-04-06 18:28:04.140932,68206.8965177119,68166.8093794204,USD,BTCUSD,68186.85294856614
2024-04-06 18:28:06.190128,68206.8965177119,68166.8093794204,USD,BTCUSD,68186.85294856614
2024-04-06 18:28:08.284194,68206.8965177119,68166.8093794204,USD,BTCUSD,68186.85294856614
2024-04-06 18:28:10.350447,68203.4608856745,68163.0787215254,USD,BTCUSD,68183.26980359995
2024-04-06 18:28:12.472583,68203.4608856745,68163.0787215254,USD,BTCUSD,68183.26980359995
2024-04-06 18:28:14.540144,68199.6493781254,68159.9649662199,USD,BTCUSD,68179.80717217264
2024-04-06 18:28:16.582676,68199.6493781254,68159.9649662199,USD,BTCUSD,68179.80717217264
2024-04-06 18:28:18.667855,68199.6493781254,68159.9649662199,USD,BTCUSD,68179.80717217264
2024-04-06 18:28:20.734322,68201.4500320278,68161.4451141754,USD,BTCUSD,68181.4475731016
2024-04-06 18:28:22.800968,68201.4500320278,68161.4451141754,USD,BTCUSD,68181.4475731016
2024-04-06 18:28:24.883891,68205.5323692907,68165.3063666241,USD,BTCUSD,68185.4193679574
2024-04-06 18:28:26.955213,68205.5323692907,68165.3063666241,USD,BTCUSD,68185.4193679574
2024-04-06 18:28:29.029279,68205.5323692907,68165.3063666241,USD,BTCUSD,68185.4193679574
2024-04-06 18:28:31.094529,68206.1891814267,68165.309432559,USD,BTCUSD,68185.74930699286
2024-04-06 18:28:33.139766,68206.1891814267,68165.309432559,USD,BTCUSD,68185.74930699286
2024-04-06 18:28:35.196685,68206.1891814267,68165.309432559,USD,BTCUSD,68185.74930699286
2024-04-06 18:28:37.261340,68200.6214394063,68160.851074941,USD,BTCUSD,68180.73625717364
2024-04-06 18:28:39.301693,68200.6214394063,68160.851074941,USD,BTCUSD,68180.73625717364
2024-04-06 18:28:41.324785,68198.1343597202,68158.5739235634,USD,BTCUSD,68178.3541416418
2024-04-06 18:28:43.430565,68198.1343597202,68158.5739235634,USD,BTCUSD,68178.3541416418
2024-04-06 18:28:45.489569,68198.1343597202,68158.5739235634,USD,BTCUSD,68178.3541416418
2024-04-06 18:28:47.512081,68198.1343597202,68158.5739235634,USD,BTCUSD,68178.3541416418
2024-04-06 18:28:49.582087,68198.1343597202,68158.5739235634,USD,BTCUSD,68178.3541416418
2024-04-06 18:28:51.654638,68198.1343597202,68158.5739235634,USD,BTCUSD,68178.3541416418
2024-04-06 18:28:53.718733,68202.9051219875,68162.2371663237,USD,BTCUSD,68182.5711441556
2024-04-06 18:28:55.818032,68202.9051219875,68162.2371663237,USD,BTCUSD,68182.5711441556
2024-04-06 18:28:57.871178,68198.6393657819,68158.6729301773,USD,BTCUSD,68178.65614797961
2024-04-06 18:28:59.915010,68198.6393657819,68158.6729301773,USD,BTCUSD,68178.65614797961
2024-04-06 18:29:01.983623,68198.6393657819,68158.6729301773,USD,BTCUSD,68178.65614797961
2024-04-06 18:29:04.100516,68198.1558722859,68154.7743517604,USD,BTCUSD,68176.46511202314
2024-04-06 18:29:06.194195,68198.1558722859,68154.7743517604,USD,BTCUSD,68176.46511202314
2024-04-06 18:29:08.267407,68194.1846961332,68155.3803923263,USD,BTCUSD,68174.78254422976
2024-04-06 18:29:10.331538,68194.1846961332,68155.3803923263,USD,BTCUSD,68174.78254422976
2024-04-06 18:29:12.385545,68194.1846961332,68155.3803923263,USD,BTCUSD,68174.78254422976
2024-04-06 18:29:14.432904,68195.2547316738,68155.3803923263,USD,BTCUSD,68175.31756200005
2024-04-06 18:29:16.503803,68195.2547316738,68155.3803923263,USD,BTCUSD,68175.31756200005
2024-04-06 18:29:18.748582,68195.2547316738,68155.3803923263,USD,BTCUSD,68175.31756200005
2024-04-06 18:29:20.816062,68193.4066290724,68153.5016669159,USD,BTCUSD,68173.45414799414
2024-04-06 18:29:22.934847,68193.4066290724,68153.5016669159,USD,BTCUSD,68173.45414799414
2024-04-06 18:29:24.967828,68194.2447206071,68155.3652413109,USD,BTCUSD,68174.80498095899
2024-04-06 18:29:27.067578,68194.2447206071,68155.3652413109,USD,BTCUSD,68174.80498095899
2024-04-06 18:29:29.132135,68194.2447206071,68155.3652413109,USD,BTCUSD,68174.80498095899
2024-04-06 18:29:31.183239,68198.1558722859,68153.8652911097,USD,BTCUSD,68176.0105816978
2024-04-06 18:29:33.345357,68198.1558722859,68153.8652911097,USD,BTCUSD,68176.0105816978
2024-04-06 18:29:35.473381,68192.7498193515,68152.8451233291,USD,BTCUSD,68172.79747134031
2024-04-06 18:29:37.561074,68192.7498193515,68152.8451233291,USD,BTCUSD,68172.79747134031
2024-04-06 18:29:39.596679,68192.7498193515,68152.8451233291,USD,BTCUSD,68172.79747134031
2024-04-06 18:29:41.658548,68196.50046505,68148.4765864667,USD,BTCUSD,68172.48852575835
2024-04-06 18:29:43.699231,68196.50046505,68148.4765864667,USD,BTCUSD,68172.48852575835
2024-04-06 18:29:45.754287,68196.50046505,68148.4765864667,USD,BTCUSD,68172.48852575835
2024-04-06 18:29:47.822632,68186.5859187861,68147.5271248459,USD,BTCUSD,68167.056521816
2024-04-06 18:29:49.837320,68186.5859187861,68147.5271248459,USD,BTCUSD,68167.056521816
2024-04-06 18:29:51.912085,68186.5859187861,68146.9160353229,USD,BTCUSD,68166.7509770545
2024-04-06 18:29:53.958454,68186.5859187861,68146.9160353229,USD,BTCUSD,68166.7509770545
2024-04-06 18:29:56.077480,68186.5859187861,68146.9160353229,USD,BTCUSD,68166.7509770545
2024-04-06 18:29:58.146887,68182.6955937272,68141.4313854045,USD,BTCUSD,68162.06348956586
2024-04-06 18:30:00.241729,68182.6955937272,68141.4313854045,USD,BTCUSD,68162.06348956586
2024-04-06 18:30:02.330268,68181.9695453678,68143.4111107122,USD,BTCUSD,68162.69032804
2024-04-06 18:30:04.388861,68181.9695453678,68143.4111107122,USD,BTCUSD,68162.69032804
2024-04-06 18:30:06.555829,68181.9695453678,68143.4111107122,USD,BTCUSD,68162.69032804
2024-04-06 18:30:08.619887,68187.6873362819,68151.4411305365,USD,BTCUSD,68169.56423340921
2024-04-06 18:30:10.645060,68187.6873362819,68151.4411305365,USD,BTCUSD,68169.56423340921
2024-04-06 18:30:12.732220,68187.6873362819,68151.4411305365,USD,BTCUSD,68169.56423340921
2024-04-06 18:30:14.787084,68202.7193701741,68161.3461076437,USD,BTCUSD,68182.03273890889
2024-04-06 18:30:16.828468,68202.7193701741,68161.3461076437,USD,BTCUSD,68182.03273890889
2024-04-06 18:30:18.872599,68214.474220045,68167.2400571076,USD,BTCUSD,68190.8571385763
2024-04-06 18:30:21.118178,68214.474220045,68167.2400571076,USD,BTCUSD,68190.8571385763
2024-04-06 18:30:23.212686,68214.474220045,68167.2400571076,USD,BTCUSD,68190.8571385763
2024-04-06 18:30:25.285293,68215.3018841369,68167.2400571076,USD,BTCUSD,68191.27097062225
2024-04-06 18:30:27.354123,68215.3018841369,68167.2400571076,USD,BTCUSD,68191.27097062225
2024-04-06 18:30:29.432962,68218.6259087272,68171.3139984712,USD,BTCUSD,68194.96995359921
2024-04-06 18:30:31.481841,68218.6259087272,68171.3139984712,USD,BTCUSD,68194.96995359921
2024-04-06 18:30:33.522150,68218.6259087272,68171.3139984712,USD,BTCUSD,68194.96995359921
2024-04-06 18:30:35.618195,68233.0572497027,68183.1819844595,USD,BTCUSD,68208.1196170811
2024-04-06 18:30:37.647100,68233.0572497027,68183.1819844595,USD,BTCUSD,68208.1196170811
2024-04-06 18:30:39.726203,68233.0572497027,68183.1819844595,USD,BTCUSD,68208.1196170811
2024-04-06 18:30:41.821849,68227.9253290225,68180.179714731,USD,BTCUSD,68204.05252187676
2024-04-06 18:30:43.883293,68227.9253290225,68180.179714731,USD,BTCUSD,68204.05252187676
2024-04-06 18:30:46.097295,68220.2449908801,68176.9544511336,USD,BTCUSD,68198.59972100685
2024-04-06 18:30:48.193040,68220.2449908801,68176.9544511336,USD,BTCUSD,68198.59972100685
2024-04-06 18:30:50.358082,68220.2449908801,68176.9544511336,USD,BTCUSD,68198.59972100685
2024-04-06 18:30:52.445366,68220.2449908801,68176.9544511336,USD,BTCUSD,68198.59972100685
2024-04-06 18:30:54.476665,68220.2449908801,68176.9544511336,USD,BTCUSD,68198.59972100685
2024-04-06 18:30:56.759108,68224.6520527822,68176.9544511336,USD,BTCUSD,68200.8032519579
2024-04-06 18:30:58.871456,68224.6520527822,68176.9544511336,USD,BTCUSD,68200.8032519579
2024-04-06 18:31:00.951478,68224.6520527822,68176.9544511336,USD,BTCUSD,68200.8032519579
2024-04-06 18:31:02.998413,68223.3898777563,68180.3975632308,USD,BTCUSD,68201.89372049355
2024-04-06 18:31:05.133697,68223.3898777563,68180.3975632308,USD,BTCUSD,68201.89372049355
2024-04-06 18:31:07.231262,68232.9081787749,68186.0379493241,USD,BTCUSD,68209.4730640495
2024-04-06 18:31:09.372620,68232.9081787749,68186.0379493241,USD,BTCUSD,68209.4730640495
2024-04-06 18:31:11.754691,68232.9081787749,68186.0379493241,USD,BTCUSD,68209.4730640495
2024-04-06 18:31:13.852831,68235.7843107022,68192.5373970649,USD,BTCUSD,68214.16085388354
2024-04-06 18:31:15.983010,68235.7843107022,68192.5373970649,USD,BTCUSD,68214.16085388354
2024-04-06 18:31:18.028465,68235.7843107022,68192.5373970649,USD,BTCUSD,68214.16085388354
2024-04-06 18:31:20.111326,68238.4137930071,68192.3789987627,USD,BTCUSD,68215.39639588489
2024-04-06 18:31:22.215428,68238.4137930071,68192.3789987627,USD,BTCUSD,68215.39639588489
2024-04-06 18:31:24.279672,68246.3445374444,68197.4429702053,USD,BTCUSD,68221.89375382484
2024-04-06 18:31:26.328458,68246.3445374444,68197.4429702053,USD,BTCUSD,68221.89375382484
2024-04-06 18:31:28.371620,68246.3445374444,68197.4429702053,USD,BTCUSD,68221.89375382484
2024-04-06 18:31:30.419304,68246.7487362987,68199.5269478985,USD,BTCUSD,68223.1378420986
2024-04-06 18:31:32.457020,68246.7487362987,68199.5269478985,USD,BTCUSD,68223.1378420986
2024-04-06 18:31:34.666865,68246.7487362987,68199.4873484065,USD,BTCUSD,68223.11804235261
2024-04-06 18:31:36.759971,68246.7487362987,68199.4873484065,USD,BTCUSD,68223.11804235261
2024-04-06 18:31:38.943021,68246.7487362987,68199.4873484065,USD,BTCUSD,68223.11804235261
2024-04-06 18:31:40.998235,68243.7735003999,68200.2993711254,USD,BTCUSD,68222.03643576265
2024-04-06 18:31:43.079275,68243.7735003999,68200.2993711254,USD,BTCUSD,68222.03643576265
2024-04-06 18:31:45.137089,68231.5414638471,68188.6117067229,USD,BTCUSD,68210.076585285
2024-04-06 18:31:47.199277,68231.5414638471,68188.6117067229,USD,BTCUSD,68210.076585285
2024-04-06 18:31:49.248408,68231.5414638471,68188.6117067229,USD,BTCUSD,68210.076585285
2024-04-06 18:31:51.677303,68231.6644622441,68183.6366402152,USD,BTCUSD,68207.65055122966
2024-04-06 18:31:53.753041,68231.6644622441,68183.6366402152,USD,BTCUSD,68207.65055122966
2024-04-06 18:31:55.809300,68231.6644622441,68183.6366402152,USD,BTCUSD,68207.65055122966
2024-04-06 18:31:57.860789,68226.0393350448,68182.8495394618,USD,BTCUSD,68204.44443725329
2024-04-06 18:31:59.919665,68226.0393350448,68182.8495394618,USD,BTCUSD,68204.44443725329
2024-04-06 18:32:01.982253,68219.8349247663,68153.3347957529,USD,BTCUSD,68186.58486025961
2024-04-06 18:32:04.045840,68219.8349247663,68153.3347957529,USD,BTCUSD,68186.58486025961
2024-04-06 18:32:06.155086,68219.8349247663,68153.3347957529,USD,BTCUSD,68186.58486025961
2024-04-06 18:32:08.184885,68219.168001845,68155.3042859226,USD,BTCUSD,68187.2361438838
2024-04-06 18:32:10.551002,68219.168001845,68155.3042859226,USD,BTCUSD,68187.2361438838
2024-04-06 18:32:12.589682,68220.6841296546,68155.3290282541,USD,BTCUSD,68188.00657895434
2024-04-06 18:32:14.786895,68220.6841296546,68155.3290282541,USD,BTCUSD,68188.00657895434
2024-04-06 18:32:16.881515,68220.6841296546,68155.3290282541,USD,BTCUSD,68188.00657895434
2024-04-06 18:32:18.927162,68216.1870600485,68151.6275734342,USD,BTCUSD,68183.90731674136
2024-04-06 18:32:21.409898,68216.1870600485,68151.6275734342,USD,BTCUSD,68183.90731674136
2024-04-06 18:32:23.512086,68214.5702791263,68147.3855530668,USD,BTCUSD,68180.97791609654
2024-04-06 18:32:25.764719,68214.5702791263,68147.3855530668,USD,BTCUSD,68180.97791609654
2024-04-06 18:32:27.826263,68214.5702791263,68147.3855530668,USD,BTCUSD,68180.97791609654
2024-04-06 18:32:30.143249,68214.5702791263,68148.3257733147,USD,BTCUSD,68181.4480262205
2024-04-06 18:32:32.317453,68214.5702791263,68148.3257733147,USD,BTCUSD,68181.4480262205
2024-04-06 18:32:34.434346,68211.2154611115,68148.305440218,USD,BTCUSD,68179.76045066475
2024-04-06 18:32:36.494665,68211.2154611115,68148.305440218,USD,BTCUSD,68179.76045066475
2024-04-06 18:32:38.597470,68211.2154611115,68148.305440218,USD,BTCUSD,68179.76045066475
2024-04-06 18:32:40.697937,68201.3269443286,68137.8726679236,USD,BTCUSD,68169.59980612609
2024-04-06 18:32:42.726946,68201.3269443286,68137.8726679236,USD,BTCUSD,68169.59980612609
2024-04-06 18:32:44.791066,68203.0953006904,68138.4912639228,USD,BTCUSD,68170.79328230661
2024-04-06 18:32:46.864287,68203.0953006904,68138.4912639228,USD,BTCUSD,68170.79328230661
2024-04-06 18:32:48.929136,68203.0953006904,68138.4912639228,USD,BTCUSD,68170.79328230661
2024-04-06 18:32:50.972473,68192.1820300689,68131.7518678173,USD,BTCUSD,68161.9669489431
2024-04-06 18:32:53.137396,68192.1820300689,68131.7518678173,USD,BTCUSD,68161.9669489431
2024-04-06 18:32:55.205706,68192.1820300689,68131.7518678173,USD,BTCUSD,68161.9669489431
2024-04-06 18:32:57.278562,68194.5181534983,68136.5827234967,USD,BTCUSD,68165.5504384975
2024-04-06 18:32:59.587352,68194.5181534983,68136.5827234967,USD,BTCUSD,68165.5504384975
2024-04-06 18:33:01.692027,68202.6695450806,68139.7925443672,USD,BTCUSD,68171.2310447239
2024-04-06 18:33:04.171790,68202.6695450806,68139.7925443672,USD,BTCUSD,68171.2310447239
2024-04-06 18:33:06.272819,68202.6695450806,68139.7925443672,USD,BTCUSD,68171.2310447239
2024-04-06 18:33:08.382249,68197.1011415236,68135.8363074807,USD,BTCUSD,68166.46872450215
2024-04-06 18:33:10.586787,68197.1011415236,68135.8363074807,USD,BTCUSD,68166.46872450215
2024-04-06 18:33:12.659065,68200.910337848,68139.5973147044,USD,BTCUSD,68170.2538262762
2024-04-06 18:33:14.683369,68200.910337848,68139.5973147044,USD,BTCUSD,68170.2538262762
2024-04-06 18:33:16.949036,68200.910337848,68139.5973147044,USD,BTCUSD,68170.2538262762
2024-04-06 18:33:19.052856,68201.2943178638,68160.5202303094,USD,BTCUSD,68180.9072740866
2024-04-06 18:33:21.134329,68201.2943178638,68160.5202303094,USD,BTCUSD,68180.9072740866
2024-04-06 18:33:23.340830,68206.5993092636,68170.8565595944,USD,BTCUSD,68188.727934429
2024-04-06 18:33:25.388693,68206.5993092636,68170.8565595944,USD,BTCUSD,68188.727934429
2024-04-06 18:33:27.494524,68206.5993092636,68170.8565595944,USD,BTCUSD,68188.727934429
2024-04-06 18:33:29.667539,68213.8898963661,68165.8273414375,USD,BTCUSD,68189.85861890181
2024-04-06 18:33:31.751463,68213.8898963661,68165.8273414375,USD,BTCUSD,68189.85861890181
2024-04-06 18:33:34.010428,68209.7538772996,68169.0248398418,USD,BTCUSD,68189.38935857071
2024-04-06 18:33:36.164318,68209.7538772996,68169.0248398418,USD,BTCUSD,68189.38935857071
2024-04-06 18:33:38.215351,68209.7538772996,68169.0248398418,USD,BTCUSD,68189.38935857071
2024-04-06 18:33:40.348184,68205.3362153389,68164.5200726471,USD,BTCUSD,68184.92814399299
2024-04-06 18:33:42.425569,68205.3362153389,68164.5200726471,USD,BTCUSD,68184.92814399299
2024-04-06 18:33:44.504405,68205.3362153389,68165.5150821876,USD,BTCUSD,68185.42564876325
2024-04-06 18:33:46.594615,68205.3362153389,68165.5150821876,USD,BTCUSD,68185.42564876325
2024-04-06 18:33:48.677556,68205.3362153389,68165.5150821876,USD,BTCUSD,68185.42564876325
2024-04-06 18:33:50.763901,68208.0139750041,68165.7675472478,USD,BTCUSD,68186.89076112595
2024-04-06 18:33:52.894387,68208.0139750041,68165.7675472478,USD,BTCUSD,68186.89076112595
2024-04-06 18:33:54.956558,68208.0139750041,68165.7675472478,USD,BTCUSD,68186.89076112595
2024-04-06 18:33:57.027180,68208.8134781746,68162.1073821398,USD,BTCUSD,68185.4604301572
2024-04-06 18:33:59.085032,68208.8134781746,68162.1073821398,USD,BTCUSD,68185.4604301572
2024-04-06 18:34:01.124585,68208.0139750041,68169.252553187,USD,BTCUSD,68188.63326409555
2024-04-06 18:34:03.165259,68208.0139750041,68169.252553187,USD,BTCUSD,68188.63326409555
2024-04-06 18:34:05.251629,68208.0139750041,68169.252553187,USD,BTCUSD,68188.63326409555
2024-04-06 18:34:07.337358,68206.2961666798,68165.5150821876,USD,BTCUSD,68185.9056244337
2024-04-06 18:34:09.388191,68206.2961666798,68165.5150821876,USD,BTCUSD,68185.9056244337
2024-04-06 18:34:11.477536,68215.4279364262,68169.9158919737,USD,BTCUSD,68192.67191419995
2024-04-06 18:34:13.518806,68215.4279364262,68169.9158919737,USD,BTCUSD,68192.67191419995
2024-04-06 18:34:15.713761,68215.4279364262,68169.9158919737,USD,BTCUSD,68192.67191419995
2024-04-06 18:34:17.795173,68212.4559806636,68171.2029668557,USD,BTCUSD,68191.82947375964
2024-04-06 18:34:19.856528,68212.4559806636,68171.2029668557,USD,BTCUSD,68191.82947375964
2024-04-06 18:34:21.971228,68212.4559806636,68171.2029668557,USD,BTCUSD,68191.82947375964
2024-04-06 18:34:24.068523,68210.9409566774,68171.2029668557,USD,BTCUSD,68191.07196176655
2024-04-06 18:34:26.097392,68210.9409566774,68171.2029668557,USD,BTCUSD,68191.07196176655
2024-04-06 18:34:28.336795,68211.5438434889,68174.8661772668,USD,BTCUSD,68193.20501037785
2024-04-06 18:34:30.419800,68211.5438434889,68174.8661772668,USD,BTCUSD,68193.20501037785
2024-04-06 18:34:32.646961,68211.5438434889,68174.8661772668,USD,BTCUSD,68193.20501037785
2024-04-06 18:34:34.703112,68215.8750646326,68171.2524697259,USD,BTCUSD,68193.56376717925
2024-04-06 18:34:36.767859,68215.8750646326,68171.2524697259,USD,BTCUSD,68193.56376717925
2024-04-06 18:34:38.872222,68219.0281779582,68182.8361211733,USD,BTCUSD,68200.93214956575
2024-04-06 18:34:40.916803,68219.0281779582,68182.8361211733,USD,BTCUSD,68200.93214956575
2024-04-06 18:34:43.024278,68219.0281779582,68182.8361211733,USD,BTCUSD,68200.93214956575
2024-04-06 18:34:45.071988,68218.3160611294,68177.0690518633,USD,BTCUSD,68197.69255649636
2024-04-06 18:34:47.079992,68218.3160611294,68177.0690518633,USD,BTCUSD,68197.69255649636
2024-04-06 18:34:49.126607,68218.3160611294,68177.0690518633,USD,BTCUSD,68197.69255649636
2024-04-06 18:34:51.210263,68222.2139029925,68173.8018665479,USD,BTCUSD,68198.0078847702
2024-04-06 18:34:53.238300,68222.2139029925,68173.8018665479,USD,BTCUSD,68198.0078847702
2024-04-06 18:34:55.275963,68212.9621408428,68173.7276122991,USD,BTCUSD,68193.34487657095
2024-04-06 18:34:57.327810,68212.9621408428,68173.7276122991,USD,BTCUSD,68193.34487657095
2024-04-06 18:34:59.368131,68212.9621408428,68173.7276122991,USD,BTCUSD,68193.34487657095
2024-04-06 18:35:01.580108,68212.9621408428,68173.7276122991,USD,BTCUSD,68193.34487657095
2024-04-06 18:35:03.651394,68212.9621408428,68173.7276122991,USD,BTCUSD,68193.34487657095
2024-04-06 18:35:05.710977,68215.390455692,68176.7472837544,USD,BTCUSD,68196.06886972321
2024-04-06 18:35:08.012915,68215.390455692,68176.7472837544,USD,BTCUSD,68196.06886972321
2024-04-06 18:35:10.040161,68215.390455692,68176.7472837544,USD,BTCUSD,68196.06886972321
2024-04-06 18:35:12.140146,68202.8908668049,68160.0152993767,USD,BTCUSD,68181.4530830908
2024-04-06 18:35:14.248866,68202.8908668049,68160.0152993767,USD,BTCUSD,68181.4530830908
2024-04-06 18:35:16.403748,68202.8908668049,68160.0152993767,USD,BTCUSD,68181.4530830908
2024-04-06 18:35:18.431929,68207.4302435379,68167.3321394367,USD,BTCUSD,68187.38119148731
2024-04-06 18:35:20.462894,68207.4302435379,68167.3321394367,USD,BTCUSD,68187.38119148731
2024-04-06 18:35:22.758962,68206.9252361992,68167.0202904187,USD,BTCUSD,68186.97276330895
2024-04-06 18:35:24.814034,68206.9252361992,68167.0202904187,USD,BTCUSD,68186.97276330895
2024-04-06 18:35:26.863648,68206.9252361992,68167.0202904187,USD,BTCUSD,68186.97276330895
2024-04-06 18:35:28.943383,68206.4202289339,68167.1044401565,USD,BTCUSD,68186.7623345452
2024-04-06 18:35:31.319911,68206.4202289339,68167.1044401565,USD,BTCUSD,68186.7623345452
2024-04-06 18:35:33.673170,68204.930239042,68161.7231536943,USD,BTCUSD,68183.32669636815
2024-04-06 18:35:35.714078,68204.930239042,68161.7231536943,USD,BTCUSD,68183.32669636815
2024-04-06 18:35:37.777154,68204.930239042,68161.7231536943,USD,BTCUSD,68183.32669636815
2024-04-06 18:35:39.858172,68204.930239042,68164.4606690831,USD,BTCUSD,68184.69545406254
2024-04-06 18:35:41.945688,68204.930239042,68164.4606690831,USD,BTCUSD,68184.69545406254
2024-04-06 18:35:43.953539,68205.386739087,68168.2129921368,USD,BTCUSD,68186.7998656119
2024-04-06 18:35:46.031945,68205.386739087,68168.2129921368,USD,BTCUSD,68186.7998656119
2024-04-06 18:35:48.108607,68205.386739087,68168.2129921368,USD,BTCUSD,68186.7998656119
2024-04-06 18:35:50.174072,68204.930239042,68164.4606690831,USD,BTCUSD,68184.69545406254
2024-04-06 18:35:52.265523,68204.930239042,68164.4606690831,USD,BTCUSD,68184.69545406254
2024-04-06 18:35:54.303098,68204.930239042,68164.4606690831,USD,BTCUSD,68184.69545406254
2024-04-06 18:35:56.310613,68204.930239042,68161.7182033932,USD,BTCUSD,68183.3242212176
2024-04-06 18:35:58.503653,68204.930239042,68161.7182033932,USD,BTCUSD,68183.3242212176
2024-04-06 18:36:00.565847,68195.1817049973,68156.7480973793,USD,BTCUSD,68175.9649011883
2024-04-06 18:36:02.770783,68195.1817049973,68156.7480973793,USD,BTCUSD,68175.9649011883
2024-04-06 18:36:05.114247,68195.1817049973,68156.7480973793,USD,BTCUSD,68175.9649011883
2024-04-06 18:36:07.136712,68201.6064696338,68163.0403522611,USD,BTCUSD,68182.32341094746
2024-04-06 18:36:09.181398,68201.6064696338,68163.0403522611,USD,BTCUSD,68182.32341094746
2024-04-06 18:36:11.235786,68206.4937674274,68169.7970850365,USD,BTCUSD,68188.14542623195
2024-04-06 18:36:13.286826,68206.4937674274,68169.7970850365,USD,BTCUSD,68188.14542623195
2024-04-06 18:36:15.333071,68206.4937674274,68169.7970850365,USD,BTCUSD,68188.14542623195
2024-04-06 18:36:17.491532,68212.6087042577,68166.203173189,USD,BTCUSD,68189.40593872336
2024-04-06 18:36:19.536426,68212.6087042577,68166.203173189,USD,BTCUSD,68189.40593872336
2024-04-06 18:36:21.577031,68212.5538595816,68174.9651828978,USD,BTCUSD,68193.7595212397
2024-04-06 18:36:23.653787,68212.5538595816,68174.9651828978,USD,BTCUSD,68193.7595212397
2024-04-06 18:36:25.704925,68212.5538595816,68174.9651828978,USD,BTCUSD,68193.7595212397
2024-04-06 18:36:27.785924,68210.085450877,68171.2029668557,USD,BTCUSD,68190.64420886635
2024-04-06 18:36:29.854239,68210.085450877,68171.2029668557,USD,BTCUSD,68190.64420886635
2024-04-06 18:36:31.875298,68210.085450877,68171.2029668557,USD,BTCUSD,68190.64420886635
2024-04-06 18:36:33.879459,68217.1032161181,68165.2131141495,USD,BTCUSD,68191.1581651338
2024-04-06 18:36:35.950633,68217.1032161181,68165.2131141495,USD,BTCUSD,68191.1581651338
2024-04-06 18:36:37.979957,68204.7226308926,68165.0599724807,USD,BTCUSD,68184.89130168664
2024-04-06 18:36:40.011591,68204.7226308926,68165.0599724807,USD,BTCUSD,68184.89130168664
2024-04-06 18:36:42.300889,68204.7226308926,68165.0599724807,USD,BTCUSD,68184.89130168664
2024-04-06 18:36:44.366417,68205.4574723357,68166.7727664886,USD,BTCUSD,68186.11511941215
2024-04-06 18:36:46.402873,68205.4574723357,68166.7727664886,USD,BTCUSD,68186.11511941215
2024-04-06 18:36:48.448441,68205.4574723357,68166.7727664886,USD,BTCUSD,68186.11511941215
2024-04-06 18:36:50.498086,68208.5137969717,68170.8069438679,USD,BTCUSD,68189.66037041979
2024-04-06 18:36:52.519912,68208.5137969717,68170.8069438679,USD,BTCUSD,68189.66037041979
2024-04-06 18:36:54.997028,68206.9201838221,68166.7678165036,USD,BTCUSD,68186.84400016285
2024-04-06 18:36:57.038845,68206.9201838221,68166.7678165036,USD,BTCUSD,68186.84400016285
2024-04-06 18:36:59.162877,68206.9201838221,68166.7678165036,USD,BTCUSD,68186.84400016285
2024-04-06 18:37:01.427069,68208.9402136142,68167.1440153438,USD,BTCUSD,68188.042114479
2024-04-06 18:37:03.513129,68208.9402136142,68167.1440153438,USD,BTCUSD,68188.042114479
2024-04-06 18:37:05.638167,68207.4251911601,68166.7678165036,USD,BTCUSD,68187.09650383185
2024-04-06 18:37:07.685148,68207.4251911601,68166.7678165036,USD,BTCUSD,68187.09650383185
2024-04-06 18:37:09.756866,68207.4251911601,68166.7678165036,USD,BTCUSD,68187.09650383185
2024-04-06 18:37:11.836390,68204.8794848936,68165.6091378005,USD,BTCUSD,68185.24431134705
2024-04-06 18:37:13.862787,68204.8794848936,68165.6091378005,USD,BTCUSD,68185.24431134705
2024-04-06 18:37:15.906873,68213.0158334883,68171.7475556881,USD,BTCUSD,68192.3816945882
2024-04-06 18:37:17.956432,68213.0158334883,68171.7475556881,USD,BTCUSD,68192.3816945882
2024-04-06 18:37:19.838184,68213.0158334883,68171.7475556881,USD,BTCUSD,68192.3816945882
2024-04-06 18:37:21.887307,68214.5886446212,68167.797471197,USD,BTCUSD,68191.1930579091
2024-04-06 18:37:24.038560,68214.5886446212,68167.797471197,USD,BTCUSD,68191.1930579091
2024-04-06 18:37:26.102541,68214.5886446212,68167.797471197,USD,BTCUSD,68191.1930579091
2024-04-06 18:37:28.339476,68211.5438434889,68171.7475556881,USD,BTCUSD,68191.6456995885
2024-04-06 18:37:30.397933,68211.5438434889,68171.7475556881,USD,BTCUSD,68191.6456995885
2024-04-06 18:37:32.422838,68210.8752756999,68168.9506141372,USD,BTCUSD,68189.91294491856
2024-04-06 18:37:34.463179,68210.8752756999,68168.9506141372,USD,BTCUSD,68189.91294491856
2024-04-06 18:37:36.552754,68210.8752756999,68168.9506141372,USD,BTCUSD,68189.91294491856
2024-04-06 18:37:38.577384,68209.061931551,68167.519951257,USD,BTCUSD,68188.290941404
2024-04-06 18:37:40.596756,68209.061931551,68167.519951257,USD,BTCUSD,68188.290941404
2024-04-06 18:37:42.657604,68208.0543940337,68167.519951257,USD,BTCUSD,68187.78717264534
2024-04-06 18:37:44.800004,68208.0543940337,68167.519951257,USD,BTCUSD,68187.78717264534
2024-04-06 18:37:46.862722,68208.0543940337,68167.519951257,USD,BTCUSD,68187.78717264534
2024-04-06 18:37:48.894352,68207.5062596132,68168.2575734103,USD,BTCUSD,68187.88191651175
2024-04-06 18:37:50.958727,68207.5062596132,68168.2575734103,USD,BTCUSD,68187.88191651175
2024-04-06 18:37:52.998047,68207.5062596132,68168.2575734103,USD,BTCUSD,68187.88191651175
2024-04-06 18:37:55.139559,68207.5087371735,68171.7475556881,USD,BTCUSD,68189.6281464308
2024-04-06 18:37:57.273473,68207.5087371735,68171.7475556881,USD,BTCUSD,68189.6281464308
2024-04-06 18:37:59.392048,68207.0012522634,68168.2575734103,USD,BTCUSD,68187.62941283686
2024-04-06 18:38:01.471995,68207.0012522634,68168.2575734103,USD,BTCUSD,68187.62941283686
2024-04-06 18:38:03.490959,68207.0012522634,68168.2575734103,USD,BTCUSD,68187.62941283686
2024-04-06 18:38:05.629989,68211.087245378,68168.5795684972,USD,BTCUSD,68189.8334069376
2024-04-06 18:38:07.736034,68211.087245378,68168.5795684972,USD,BTCUSD,68189.8334069376
2024-04-06 18:38:09.871368,68211.087245378,68168.2575734103,USD,BTCUSD,68189.67240939414
2024-04-06 18:38:12.029953,68211.087245378,68168.2575734103,USD,BTCUSD,68189.67240939414
2024-04-06 18:38:14.145616,68211.087245378,68168.2575734103,USD,BTCUSD,68189.67240939414
2024-04-06 18:38:16.293716,68213.2138385155,68169.4458152932,USD,BTCUSD,68191.32982690434
2024-04-06 18:38:18.391855,68213.2138385155,68169.4458152932,USD,BTCUSD,68191.32982690434
2024-04-06 18:38:20.582688,68213.2138385155,68169.4458152932,USD,BTCUSD,68191.32982690434
2024-04-06 18:38:22.665073,68213.7948629804,68170.440761336,USD,BTCUSD,68192.11781215819
2024-04-06 18:38:25.007462,68213.7948629804,68170.440761336,USD,BTCUSD,68192.11781215819
2024-04-06 18:38:27.088914,68213.2138385155,68168.6092683911,USD,BTCUSD,68190.9115534533
2024-04-06 18:38:29.314456,68213.2138385155,68168.6092683911,USD,BTCUSD,68190.9115534533
2024-04-06 18:38:31.437564,68213.2138385155,68168.6092683911,USD,BTCUSD,68190.9115534533
2024-04-06 18:38:33.470106,68210.5338276897,68171.7475556881,USD,BTCUSD,68191.1406916889
2024-04-06 18:38:35.551329,68210.5338276897,68171.7475556881,USD,BTCUSD,68191.1406916889
2024-04-06 18:38:37.581993,68209.5722219883,68168.6092683911,USD,BTCUSD,68189.0907451897
2024-04-06 18:38:39.624713,68209.5722219883,68168.6092683911,USD,BTCUSD,68189.0907451897
2024-04-06 18:38:41.660268,68209.5722219883,68168.6092683911,USD,BTCUSD,68189.0907451897
2024-04-06 18:38:43.700400,68218.8665013322,68168.9656670969,USD,BTCUSD,68193.91608421455
2024-04-06 18:38:45.723236,68218.8665013322,68168.9656670969,USD,BTCUSD,68193.91608421455
2024-04-06 18:38:48.034067,68211.5470122741,68168.8518175145,USD,BTCUSD,68190.1994148943
2024-04-06 18:38:50.087447,68211.5470122741,68168.8518175145,USD,BTCUSD,68190.1994148943
2024-04-06 18:38:52.363040,68211.5470122741,68168.8518175145,USD,BTCUSD,68190.1994148943
2024-04-06 18:38:54.400309,68211.0925281685,68171.4307571042,USD,BTCUSD,68191.26164263635
2024-04-06 18:38:56.482515,68211.0925281685,68171.4307571042,USD,BTCUSD,68191.26164263635
2024-04-06 18:38:58.580911,68211.0925281685,68171.4307571042,USD,BTCUSD,68191.26164263635
2024-04-06 18:39:00.619052,68218.6139622997,68174.3413429634,USD,BTCUSD,68196.47765263155
2024-04-06 18:39:02.691949,68218.6139622997,68174.3413429634,USD,BTCUSD,68196.47765263155
2024-04-06 18:39:04.773183,68229.175959535,68185.8801107179,USD,BTCUSD,68207.52803512645
2024-04-06 18:39:06.847409,68229.175959535,68185.8801107179,USD,BTCUSD,68207.52803512645
2024-04-06 18:39:09.096135,68229.175959535,68185.8801107179,USD,BTCUSD,68207.52803512645
2024-04-06 18:39:11.176400,68228.6277411034,68185.4597631432,USD,BTCUSD,68207.0437521233
2024-04-06 18:39:13.293211,68228.6277411034,68185.4597631432,USD,BTCUSD,68207.0437521233
2024-04-06 18:39:15.356448,68228.1659386131,68183.7021290627,USD,BTCUSD,68205.9340338379
2024-04-06 18:39:17.458039,68228.1659386131,68183.7021290627,USD,BTCUSD,68205.9340338379
2024-04-06 18:39:19.499415,68228.1659386131,68183.7021290627,USD,BTCUSD,68205.9340338379
2024-04-06 18:39:21.540322,68228.1659386131,68183.7021290627,USD,BTCUSD,68205.9340338379
2024-04-06 18:39:23.571745,68228.1659386131,68183.7021290627,USD,BTCUSD,68205.9340338379
2024-04-06 18:39:25.599887,68228.1659386131,68183.7021290627,USD,BTCUSD,68205.9340338379
2024-04-06 18:39:27.692898,68228.6709490374,68185.484114159,USD,BTCUSD,68207.0775315982
2024-04-06 18:39:29.698818,68228.6709490374,68185.484114159,USD,BTCUSD,68207.0775315982
2024-04-06 18:39:31.703281,68234.5857117903,68186.1276486623,USD,BTCUSD,68210.35668022631
2024-04-06 18:39:33.808422,68234.5857117903,68186.1276486623,USD,BTCUSD,68210.35668022631
2024-04-06 18:39:36.068761,68234.5857117903,68186.1276486623,USD,BTCUSD,68210.35668022631
2024-04-06 18:39:38.152819,68237.8043572661,68188.7952351673,USD,BTCUSD,68213.2997962167
2024-04-06 18:39:40.167265,68237.8043572661,68188.7952351673,USD,BTCUSD,68213.2997962167
2024-04-06 18:39:42.209061,68235.0907231471,68186.7018589772,USD,BTCUSD,68210.89629106215
2024-04-06 18:39:44.398170,68235.0907231471,68186.7018589772,USD,BTCUSD,68210.89629106215
2024-04-06 18:39:46.436049,68235.0907231471,68186.7018589772,USD,BTCUSD,68210.89629106215
2024-04-06 18:39:48.536129,68236.7943338374,68187.2418584003,USD,BTCUSD,68212.01809611885
2024-04-06 18:39:50.626292,68236.7943338374,68187.2418584003,USD,BTCUSD,68212.01809611885
2024-04-06 18:39:52.672875,68236.7943338374,68187.2418584003,USD,BTCUSD,68212.01809611885
2024-04-06 18:39:54.725735,68234.0807005068,68187.2661538537,USD,BTCUSD,68210.67342718026
2024-04-06 18:39:56.780459,68234.0807005068,68187.2661538537,USD,BTCUSD,68210.67342718026
2024-04-06 18:39:58.841922,68246.572584187,68200.5026920886,USD,BTCUSD,68223.5376381378
2024-04-06 18:40:00.952037,68246.572584187,68200.5026920886,USD,BTCUSD,68223.5376381378
2024-04-06 18:40:03.180556,68246.572584187,68200.5026920886,USD,BTCUSD,68223.5376381378
2024-04-06 18:40:05.292112,68243.1679360882,68197.1169163011,USD,BTCUSD,68220.14242619465
2024-04-06 18:40:07.447497,68243.1679360882,68197.1169163011,USD,BTCUSD,68220.14242619465
2024-04-06 18:40:09.621833,68234.4805326641,68194.0732147435,USD,BTCUSD,68214.27687370381
2024-04-06 18:40:11.744326,68234.4805326641,68194.0732147435,USD,BTCUSD,68214.27687370381
2024-04-06 18:40:13.938491,68234.4805326641,68194.0732147435,USD,BTCUSD,68214.27687370381
2024-04-06 18:40:16.117156,68237.2168463864,68194.220378562,USD,BTCUSD,68215.7186124742
2024-04-06 18:40:18.258829,68237.2168463864,68194.220378562,USD,BTCUSD,68215.7186124742
2024-04-06 18:40:20.422450,68231.9543250135,68189.6575860083,USD,BTCUSD,68210.8059555109
2024-04-06 18:40:22.475275,68231.9543250135,68189.6575860083,USD,BTCUSD,68210.8059555109
2024-04-06 18:40:24.661337,68231.9543250135,68189.6575860083,USD,BTCUSD,68210.8059555109
2024-04-06 18:40:26.881858,68237.8983088339,68189.6575860083,USD,BTCUSD,68213.7779474211
2024-04-06 18:40:28.959665,68237.8983088339,68189.6575860083,USD,BTCUSD,68213.7779474211
2024-04-06 18:40:31.032220,68230.9443032844,68191.4297785114,USD,BTCUSD,68211.1870408979
2024-04-06 18:40:33.094900,68230.9443032844,68191.4297785114,USD,BTCUSD,68211.1870408979
2024-04-06 18:40:35.130431,68230.9443032844,68191.4297785114,USD,BTCUSD,68211.1870408979
2024-04-06 18:40:37.210229,68243.1034065489,68192.6858954664,USD,BTCUSD,68217.89465100765
2024-04-06 18:40:39.297291,68243.1034065489,68192.6858954664,USD,BTCUSD,68217.89465100765
2024-04-06 18:40:41.346970,68243.1034065489,68192.6858954664,USD,BTCUSD,68217.89465100765
2024-04-06 18:40:43.427835,68251.9093180316,68209.0206793241,USD,BTCUSD,68230.46499867784
2024-04-06 18:40:45.497262,68251.9093180316,68209.0206793241,USD,BTCUSD,68230.46499867784
2024-04-06 18:40:47.593577,68253.7383026855,68208.8249365743,USD,BTCUSD,68231.2816196299
2024-04-06 18:40:49.728261,68253.7383026855,68208.8249365743,USD,BTCUSD,68231.2816196299
2024-04-06 18:40:51.807951,68253.7383026855,68208.8249365743,USD,BTCUSD,68231.2816196299
2024-04-06 18:40:53.898421,68253.8191418084,68210.0129918734,USD,BTCUSD,68231.9160668409
2024-04-06 18:40:55.924792,68253.8191418084,68210.0129918734,USD,BTCUSD,68231.9160668409
2024-04-06 18:40:57.965389,68261.9737979927,68218.4121045901,USD,BTCUSD,68240.19295129139
2024-04-06 18:41:00.093206,68261.9737979927,68218.4121045901,USD,BTCUSD,68240.19295129139
2024-04-06 18:41:02.166635,68261.9737979927,68218.4121045901,USD,BTCUSD,68240.19295129139
2024-04-06 18:41:04.207941,68268.8299890286,68222.5602024708,USD,BTCUSD,68245.6950957497
2024-04-06 18:41:06.336746,68268.8299890286,68222.5602024708,USD,BTCUSD,68245.6950957497
2024-04-06 18:41:08.403668,68268.8299890286,68222.5602024708,USD,BTCUSD,68245.6950957497
2024-04-06 18:41:10.459946,68294.4892504004,68249.7507632143,USD,BTCUSD,68272.12000680735
2024-04-06 18:41:12.584993,68294.4892504004,68249.7507632143,USD,BTCUSD,68272.12000680735
2024-04-06 18:41:14.621316,68294.4892504004,68249.9487607758,USD,BTCUSD,68272.2190055881
2024-04-06 18:41:16.652848,68294.4892504004,68249.9487607758,USD,BTCUSD,68272.2190055881
2024-04-06 18:41:18.687585,68294.4892504004,68249.9487607758,USD,BTCUSD,68272.2190055881
2024-04-06 18:41:21.118013,68311.5892806852,68266.7421405254,USD,BTCUSD,68289.1657106053
2024-04-06 18:41:23.166734,68311.5892806852,68266.7421405254,USD,BTCUSD,68289.1657106053
2024-04-06 18:41:25.176803,68318.208100236,68273.0108523292,USD,BTCUSD,68295.60947628261
2024-04-06 18:41:27.280572,68318.208100236,68273.0108523292,USD,BTCUSD,68295.60947628261
2024-04-06 18:41:29.365320,68318.208100236,68273.0108523292,USD,BTCUSD,68295.60947628261
2024-04-06 18:41:31.448803,68329.1721267585,68282.7425015614,USD,BTCUSD,68305.95731415995
2024-04-06 18:41:33.815185,68329.1721267585,68282.7425015614,USD,BTCUSD,68305.95731415995
2024-04-06 18:41:35.917190,68329.2936220267,68282.6039129627,USD,BTCUSD,68305.9487674947
2024-04-06 18:41:37.953467,68329.2936220267,68282.6039129627,USD,BTCUSD,68305.9487674947
2024-04-06 18:41:40.024535,68329.2936220267,68282.6039129627,USD,BTCUSD,68305.9487674947
2024-04-06 18:41:42.177985,68324.5664650178,68271.870487275,USD,BTCUSD,68298.2184761464
2024-04-06 18:41:44.473305,68324.5664650178,68271.870487275,USD,BTCUSD,68298.2184761464
2024-04-06 18:41:46.542147,68324.5664650178,68271.870487275,USD,BTCUSD,68298.2184761464
2024-04-06 18:41:48.588037,68328.3841622587,68277.1490290455,USD,BTCUSD,68302.7665956521
2024-04-06 18:41:50.638825,68328.3841622587,68277.1490290455,USD,BTCUSD,68302.7665956521
2024-04-06 18:41:52.778155,68325.9688085218,68277.1688283312,USD,BTCUSD,68301.56881842649
2024-04-06 18:41:54.896781,68325.9688085218,68277.1688283312,USD,BTCUSD,68301.56881842649
2024-04-06 18:41:57.019755,68325.9688085218,68277.1688283312,USD,BTCUSD,68301.56881842649
2024-04-06 18:41:59.071247,68328.5056574994,68282.0875561685,USD,BTCUSD,68305.29660683394
2024-04-06 18:42:01.189362,68328.5056574994,68282.0875561685,USD,BTCUSD,68305.29660683394
2024-04-06 18:42:03.280580,68331.8703799119,68285.4649038492,USD,BTCUSD,68308.66764188054
2024-04-06 18:42:05.312015,68331.8703799119,68285.4649038492,USD,BTCUSD,68308.66764188054
2024-04-06 18:42:07.358041,68331.8703799119,68285.4649038492,USD,BTCUSD,68308.66764188054
2024-04-06 18:42:09.621949,68328.6066624935,68281.1585671539,USD,BTCUSD,68304.8826148237
2024-04-06 18:42:11.660617,68328.6066624935,68281.1585671539,USD,BTCUSD,68304.8826148237
2024-04-06 18:42:13.959001,68326.9698622836,68275.9444482404,USD,BTCUSD,68301.457155262
2024-04-06 18:42:16.086691,68326.9698622836,68275.9444482404,USD,BTCUSD,68301.457155262
2024-04-06 18:42:18.166494,68326.9698622836,68275.9444482404,USD,BTCUSD,68301.457155262
2024-04-06 18:42:20.242712,68310.0987589228,68266.4175026952,USD,BTCUSD,68288.258130809
2024-04-06 18:42:22.548513,68310.0987589228,68266.4175026952,USD,BTCUSD,68288.258130809
2024-04-06 18:42:24.622511,68306.3346542895,68265.0038324451,USD,BTCUSD,68285.6692433673
2024-04-06 18:42:26.717083,68306.3346542895,68265.0038324451,USD,BTCUSD,68285.6692433673
2024-04-06 18:42:28.826965,68306.3346542895,68265.0038324451,USD,BTCUSD,68285.6692433673
2024-04-06 18:42:30.856394,68299.3621815253,68258.9704031254,USD,BTCUSD,68279.16629232535
2024-04-06 18:42:32.898106,68299.3621815253,68258.9704031254,USD,BTCUSD,68279.16629232535
2024-04-06 18:42:34.955133,68299.3621815253,68258.9704031254,USD,BTCUSD,68279.16629232535
2024-04-06 18:42:37.002489,68301.4842369733,68259.6139234694,USD,BTCUSD,68280.54908022135
2024-04-06 18:42:39.047083,68301.4842369733,68259.6139234694,USD,BTCUSD,68280.54908022135
2024-04-06 18:42:41.117433,68298.4302060251,68256.678479662,USD,BTCUSD,68277.55434284356
2024-04-06 18:42:43.248018,68298.4302060251,68256.678479662,USD,BTCUSD,68277.55434284356
2024-04-06 18:42:45.293852,68298.4302060251,68256.678479662,USD,BTCUSD,68277.55434284356
2024-04-06 18:42:47.386293,68298.2506291886,68253.0549603079,USD,BTCUSD,68275.65279474825
2024-04-06 18:42:49.486174,68298.2506291886,68253.0549603079,USD,BTCUSD,68275.65279474825
2024-04-06 18:42:51.522760,68298.2506291886,68253.0549603079,USD,BTCUSD,68275.65279474825
2024-04-06 18:42:53.587852,68300.4502889897,68258.0397734854,USD,BTCUSD,68279.24503123754
2024-04-06 18:42:55.750956,68300.4502889897,68258.0397734854,USD,BTCUSD,68279.24503123754
2024-04-06 18:42:57.933963,68299.9452681385,68258.0397734854,USD,BTCUSD,68278.99252081195
2024-04-06 18:42:59.982117,68299.9452681385,68258.0397734854,USD,BTCUSD,68278.99252081195
2024-04-06 18:43:01.994867,68299.9452681385,68258.0397734854,USD,BTCUSD,68278.99252081195
2024-04-06 18:43:04.290583,68301.4842369733,68259.237711591,USD,BTCUSD,68280.36097428214
2024-04-06 18:43:06.382111,68301.4842369733,68259.237711591,USD,BTCUSD,68280.36097428214
2024-04-06 18:43:08.396951,68300.5242593483,68259.0941570473,USD,BTCUSD,68279.8092081978
2024-04-06 18:43:10.418602,68300.5242593483,68259.0941570473,USD,BTCUSD,68279.8092081978
2024-04-06 18:43:12.474685,68300.5242593483,68259.0941570473,USD,BTCUSD,68279.8092081978
2024-04-06 18:43:14.555709,68301.4842369733,68261.3464776256,USD,BTCUSD,68281.41535729944
2024-04-06 18:43:16.587817,68301.4842369733,68261.3464776256,USD,BTCUSD,68281.41535729944
2024-04-06 18:43:18.629638,68301.4842369733,68261.3464776256,USD,BTCUSD,68281.41535729944
2024-04-06 18:43:20.679067,68301.4603309121,68259.0941570473,USD,BTCUSD,68280.2772439797
2024-04-06 18:43:22.727048,68301.4603309121,68259.0941570473,USD,BTCUSD,68280.2772439797
2024-04-06 18:43:24.816228,68301.4603309121,68259.0941570473,USD,BTCUSD,68280.2772439797
2024-04-06 18:43:26.865564,68301.4603309121,68259.0941570473,USD,BTCUSD,68280.2772439797
2024-04-06 18:43:28.909309,68301.4603309121,68259.0941570473,USD,BTCUSD,68280.2772439797
2024-04-06 18:43:31.002630,68301.4603309121,68259.0941570473,USD,BTCUSD,68280.2772439797
2024-04-06 18:43:33.030266,68301.4603309121,68259.0941570473,USD,BTCUSD,68280.2772439797
2024-04-06 18:43:35.111249,68301.4603309121,68259.0941570473,USD,BTCUSD,68280.2772439797
2024-04-06 18:43:37.202373,68301.4603309121,68259.0941570473,USD,BTCUSD,68280.2772439797
2024-04-06 18:43:39.263171,68301.4603309121,68259.0941570473,USD,BTCUSD,68280.2772439797
2024-04-06 18:43:41.580159,68301.4842369733,68261.3464776256,USD,BTCUSD,68281.41535729944
2024-04-06 18:43:43.662224,68301.4842369733,68261.3464776256,USD,BTCUSD,68281.41535729944
2024-04-06 18:43:45.758227,68301.4842369733,68261.3464776256,USD,BTCUSD,68281.41535729944
2024-04-06 18:43:47.820837,68300.4502889897,68257.7675147651,USD,BTCUSD,68279.1089018774
2024-04-06 18:43:49.864119,68300.4502889897,68257.7675147651,USD,BTCUSD,68279.1089018774
2024-04-06 18:43:51.948573,68313.431585051,68265.7244821929,USD,BTCUSD,68289.57803362195
2024-04-06 18:43:54.036367,68313.431585051,68265.7244821929,USD,BTCUSD,68289.57803362195
2024-04-06 18:43:56.224444,68313.431585051,68265.7244821929,USD,BTCUSD,68289.57803362195
2024-04-06 18:43:58.313451,68313.9366078612,68265.7244821929,USD,BTCUSD,68289.83054502704
2024-04-06 18:44:00.439096,68313.9366078612,68265.7244821929,USD,BTCUSD,68289.83054502704
2024-04-06 18:44:02.623546,68313.9366078612,68266.0561213465,USD,BTCUSD,68289.99636460384
2024-04-06 18:44:04.715242,68313.9366078612,68266.0561213465,USD,BTCUSD,68289.99636460384
2024-04-06 18:44:06.894445,68313.9366078612,68266.0561213465,USD,BTCUSD,68289.99636460384
2024-04-06 18:44:09.000013,68405.2089738884,68348.397638206,USD,BTCUSD,68376.8033060472
2024-04-06 18:44:11.102311,68405.2089738884,68348.397638206,USD,BTCUSD,68376.8033060472
2024-04-06 18:44:13.169711,68413.4953966042,68361.4174676327,USD,BTCUSD,68387.45643211844
2024-04-06 18:44:15.194488,68413.4953966042,68361.4174676327,USD,BTCUSD,68387.45643211844
2024-04-06 18:44:17.263762,68413.4953966042,68361.4174676327,USD,BTCUSD,68387.45643211844
2024-04-06 18:44:19.299281,68410.7669381633,68363.9073318547,USD,BTCUSD,68387.337135009
2024-04-06 18:44:21.383283,68410.7669381633,68363.9073318547,USD,BTCUSD,68387.337135009
2024-04-06 18:44:23.483304,68410.7669381633,68363.9073318547,USD,BTCUSD,68387.337135009
2024-04-06 18:44:25.524260,68411.5035344474,68361.219466422,USD,BTCUSD,68386.3615004347
2024-04-06 18:44:27.650356,68411.5035344474,68361.219466422,USD,BTCUSD,68386.3615004347
2024-04-06 18:44:29.744970,68397.0033359893,68354.4427159693,USD,BTCUSD,68375.7230259793
2024-04-06 18:44:31.779975,68397.0033359893,68354.4427159693,USD,BTCUSD,68375.7230259793
2024-04-06 18:44:33.954177,68397.0033359893,68354.4427159693,USD,BTCUSD,68375.7230259793
2024-04-06 18:44:35.981251,68412.1375697235,68364.4159470634,USD,BTCUSD,68388.27675839345
2024-04-06 18:44:38.040829,68412.1375697235,68364.4159470634,USD,BTCUSD,68388.27675839345
2024-04-06 18:44:40.243712,68413.2931284786,68366.1236490296,USD,BTCUSD,68389.70838875411
2024-04-06 18:44:42.348724,68413.2931284786,68366.1236490296,USD,BTCUSD,68389.70838875411
2024-04-06 18:44:44.414577,68413.2931284786,68366.1236490296,USD,BTCUSD,68389.70838875411
2024-04-06 18:44:46.554853,68435.9847749366,68388.6124978944,USD,BTCUSD,68412.29863641551
2024-04-06 18:44:48.600630,68435.9847749366,68388.6124978944,USD,BTCUSD,68412.29863641551
2024-04-06 18:44:50.671518,68435.9847749366,68388.6124978944,USD,BTCUSD,68412.29863641551
2024-04-06 18:44:52.751163,68445.0089266662,68398.2253157297,USD,BTCUSD,68421.61712119795
2024-04-06 18:44:54.938099,68445.0089266662,68398.2253157297,USD,BTCUSD,68421.61712119795
2024-04-06 18:44:57.012637,68442.8059400964,68390.7294002036,USD,BTCUSD,68416.76767015
2024-04-06 18:44:59.260462,68442.8059400964,68390.7294002036,USD,BTCUSD,68416.76767015
2024-04-06 18:45:01.281216,68442.8059400964,68390.7294002036,USD,BTCUSD,68416.76767015
2024-04-06 18:45:03.358668,68449.4182183233,68390.996350653,USD,BTCUSD,68420.20728448816
2024-04-06 18:45:05.596801,68449.4182183233,68390.996350653,USD,BTCUSD,68420.20728448816
2024-04-06 18:45:07.681586,68484.2637539542,68433.1456450368,USD,BTCUSD,68458.7046994955
2024-04-06 18:45:09.746642,68484.2637539542,68433.1456450368,USD,BTCUSD,68458.7046994955
2024-04-06 18:45:11.768103,68484.2637539542,68433.1456450368,USD,BTCUSD,68458.7046994955
2024-04-06 18:45:13.886228,68485.1227266835,68434.8614930929,USD,BTCUSD,68459.9921098882
2024-04-06 18:45:16.141108,68485.1227266835,68434.8614930929,USD,BTCUSD,68459.9921098882
2024-04-06 18:45:18.225030,68497.4666935187,68451.4925013848,USD,BTCUSD,68474.47959745175
2024-04-06 18:45:20.388712,68497.4666935187,68451.4925013848,USD,BTCUSD,68474.47959745175
2024-04-06 18:45:22.772389,68497.4666935187,68451.4925013848,USD,BTCUSD,68474.47959745175
2024-04-06 18:45:24.875803,68499.5484474631,68450.8824747054,USD,BTCUSD,68475.21546108424
2024-04-06 18:45:26.929937,68499.5484474631,68450.8824747054,USD,BTCUSD,68475.21546108424
2024-04-06 18:45:28.968165,68513.6205304795,68459.2972473806,USD,BTCUSD,68486.45888893005
2024-04-06 18:45:30.991114,68513.6205304795,68459.2972473806,USD,BTCUSD,68486.45888893005
2024-04-06 18:45:33.268330,68513.6205304795,68459.2972473806,USD,BTCUSD,68486.45888893005
2024-04-06 18:45:35.331630,68510.017869691,68459.5447403736,USD,BTCUSD,68484.7813050323
2024-04-06 18:45:37.422317,68510.017869691,68459.5447403736,USD,BTCUSD,68484.7813050323
2024-04-06 18:45:39.505147,68510.017869691,68459.5447403736,USD,BTCUSD,68484.7813050323
2024-04-06 18:45:41.618121,68517.6476325816,68463.1738045728,USD,BTCUSD,68490.4107185772
2024-04-06 18:45:43.953114,68517.6476325816,68463.1738045728,USD,BTCUSD,68490.4107185772
2024-04-06 18:45:46.002529,68522.6246723641,68468.7175318663,USD,BTCUSD,68495.6711021152
2024-04-06 18:45:48.053083,68522.6246723641,68468.7175318663,USD,BTCUSD,68495.6711021152
2024-04-06 18:45:50.146666,68522.6246723641,68468.7175318663,USD,BTCUSD,68495.6711021152
2024-04-06 18:45:52.306807,68521.2957767809,68470.0879248406,USD,BTCUSD,68495.69185081075
2024-04-06 18:45:54.396491,68521.2957767809,68470.0879248406,USD,BTCUSD,68495.69185081075
2024-04-06 18:45:56.400342,68524.2921086052,68469.8559252969,USD,BTCUSD,68497.07401695105
2024-04-06 18:45:58.437393,68524.2921086052,68469.8559252969,USD,BTCUSD,68497.07401695105
2024-04-06 18:46:00.516825,68524.2921086052,68469.8559252969,USD,BTCUSD,68497.07401695105
2024-04-06 18:46:02.582386,68525.6108996532,68469.6239257372,USD,BTCUSD,68497.6174126952
2024-04-06 18:46:04.646106,68525.6108996532,68469.6239257372,USD,BTCUSD,68497.6174126952
2024-04-06 18:46:06.739954,68525.6108996532,68469.6239257372,USD,BTCUSD,68497.6174126952
2024-04-06 18:46:08.792428,68519.3655947471,68470.9942813098,USD,BTCUSD,68495.17993802845
2024-04-06 18:46:10.940405,68519.3655947471,68470.9942813098,USD,BTCUSD,68495.17993802845
2024-04-06 18:46:13.049030,68529.7643367966,68470.9942813098,USD,BTCUSD,68500.3793090532
2024-04-06 18:46:15.116957,68529.7643367966,68470.9942813098,USD,BTCUSD,68500.3793090532
2024-04-06 18:46:17.155582,68529.7643367966,68470.9942813098,USD,BTCUSD,68500.3793090532
2024-04-06 18:46:19.188324,68525.3885746905,68475.4148780178,USD,BTCUSD,68500.40172635415
2024-04-06 18:46:21.267250,68525.3885746905,68475.4148780178,USD,BTCUSD,68500.40172635415
2024-04-06 18:46:23.563015,68500.9557167427,68447.2690658138,USD,BTCUSD,68474.11239127825
2024-04-06 18:46:25.599017,68500.9557167427,68447.2690658138,USD,BTCUSD,68474.11239127825
2024-04-06 18:46:27.957178,68500.9557167427,68447.2690658138,USD,BTCUSD,68474.11239127825
2024-04-06 18:46:30.078382,68486.1477233241,68431.2153042924,USD,BTCUSD,68458.68151380826
2024-04-06 18:46:32.253173,68486.1477233241,68431.2153042924,USD,BTCUSD,68458.68151380826
2024-04-06 18:46:34.508033,68486.6689499609,68432.1885017534,USD,BTCUSD,68459.42872585714
2024-04-06 18:46:36.554899,68486.6689499609,68432.1885017534,USD,BTCUSD,68459.42872585714
2024-04-06 18:46:38.608957,68486.6689499609,68432.1885017534,USD,BTCUSD,68459.42872585714
2024-04-06 18:46:40.649415,68481.3833551844,68426.8755067112,USD,BTCUSD,68454.1294309478
2024-04-06 18:46:42.698677,68481.3833551844,68426.8755067112,USD,BTCUSD,68454.1294309478
2024-04-06 18:46:44.749786,68485.6740125788,68433.6568739231,USD,BTCUSD,68459.66544325095
2024-04-06 18:46:46.866124,68485.6740125788,68433.6568739231,USD,BTCUSD,68459.66544325095
2024-04-06 18:46:48.981539,68485.6740125788,68433.6568739231,USD,BTCUSD,68459.66544325095
2024-04-06 18:46:51.105706,68486.4819251418,68433.1618840815,USD,BTCUSD,68459.82190461166
2024-04-06 18:46:53.197689,68486.4819251418,68433.1618840815,USD,BTCUSD,68459.82190461166
2024-04-06 18:46:55.307731,68486.4819251418,68433.1618840815,USD,BTCUSD,68459.82190461166
2024-04-06 18:46:57.352092,68454.3766878965,68408.3132997474,USD,BTCUSD,68431.34499382196
2024-04-06 18:46:59.422701,68454.3766878965,68408.3132997474,USD,BTCUSD,68431.34499382196
2024-04-06 18:47:01.478071,68455.854710393,68404.9968412394,USD,BTCUSD,68430.4257758162
2024-04-06 18:47:03.574200,68455.854710393,68404.9968412394,USD,BTCUSD,68430.4257758162
2024-04-06 18:47:05.614463,68455.854710393,68404.9968412394,USD,BTCUSD,68430.4257758162
2024-04-06 18:47:07.682499,68450.9258638324,68403.8583547236,USD,BTCUSD,68427.39210927801
2024-04-06 18:47:09.752136,68450.9258638324,68403.8583547236,USD,BTCUSD,68427.39210927801
2024-04-06 18:47:11.777904,68450.3828289452,68404.0068529868,USD,BTCUSD,68427.194840966
2024-04-06 18:47:13.834926,68450.3828289452,68404.0068529868,USD,BTCUSD,68427.194840966
2024-04-06 18:47:15.845842,68450.3828289452,68404.0068529868,USD,BTCUSD,68427.194840966
2024-04-06 18:47:17.919766,68446.8913936459,68394.7682498782,USD,BTCUSD,68420.82982176205
2024-04-06 18:47:19.979246,68446.8913936459,68394.7682498782,USD,BTCUSD,68420.82982176205
2024-04-06 18:47:22.016055,68446.8913936459,68394.7682498782,USD,BTCUSD,68420.82982176205
2024-04-06 18:47:24.045244,68385.9659476815,68305.2251591574,USD,BTCUSD,68345.59555341945
2024-04-06 18:47:26.113987,68385.9659476815,68305.2251591574,USD,BTCUSD,68345.59555341945
2024-04-06 18:47:28.180975,68311.7540198265,68263.2275354061,USD,BTCUSD,68287.4907776163
2024-04-06 18:47:30.236782,68311.7540198265,68263.2275354061,USD,BTCUSD,68287.4907776163
2024-04-06 18:47:32.328766,68311.7540198265,68263.2275354061,USD,BTCUSD,68287.4907776163
2024-04-06 18:47:34.360656,68304.2039412031,68251.8368531302,USD,BTCUSD,68278.02039716665
2024-04-06 18:47:36.394351,68304.2039412031,68251.8368531302,USD,BTCUSD,68278.02039716665
2024-04-06 18:47:38.733304,68304.2039412031,68251.8368531302,USD,BTCUSD,68278.02039716665
2024-04-06 18:47:40.808316,68277.69107423,68234.9467534776,USD,BTCUSD,68256.3189138538
2024-04-06 18:47:42.851443,68277.69107423,68234.9467534776,USD,BTCUSD,68256.3189138538
2024-04-06 18:47:44.925336,68295.3761777597,68246.941500027,USD,BTCUSD,68271.15883889335
2024-04-06 18:47:46.956812,68295.3761777597,68246.941500027,USD,BTCUSD,68271.15883889335
2024-04-06 18:47:49.086673,68295.3761777597,68246.941500027,USD,BTCUSD,68271.15883889335
2024-04-06 18:47:51.155318,68249.9836736808,68209.1164182949,USD,BTCUSD,68229.55004598785
2024-04-06 18:47:53.189133,68249.9836736808,68209.1164182949,USD,BTCUSD,68229.55004598785
2024-04-06 18:47:55.288578,68270.7437520566,68222.8022641623,USD,BTCUSD,68246.77300810945
2024-04-06 18:47:57.321925,68270.7437520566,68222.8022641623,USD,BTCUSD,68246.77300810945
2024-04-06 18:47:59.398591,68270.7437520566,68222.8022641623,USD,BTCUSD,68246.77300810945
2024-04-06 18:48:01.483776,68273.2182113157,68226.86749294,USD,BTCUSD,68250.04285212785
2024-04-06 18:48:03.560174,68273.2182113157,68226.86749294,USD,BTCUSD,68250.04285212785
2024-04-06 18:48:05.643173,68273.2182113157,68226.86749294,USD,BTCUSD,68250.04285212785
2024-04-06 18:48:07.897238,68258.9228937064,68217.8679180521,USD,BTCUSD,68238.39540587924
2024-04-06 18:48:10.054936,68258.9228937064,68217.8679180521,USD,BTCUSD,68238.39540587924
2024-04-06 18:48:12.131574,68247.9046076921,68201.3884356109,USD,BTCUSD,68224.6465216515
2024-04-06 18:48:14.199426,68247.9046076921,68201.3884356109,USD,BTCUSD,68224.6465216515
2024-04-06 18:48:16.479800,68247.9046076921,68201.3884356109,USD,BTCUSD,68224.6465216515
2024-04-06 18:48:18.547739,68223.8667023926,68179.354611864,USD,BTCUSD,68201.6106571283
2024-04-06 18:48:20.580861,68223.8667023926,68179.354611864,USD,BTCUSD,68201.6106571283
2024-04-06 18:48:22.637912,68248.3241702381,68202.0319735491,USD,BTCUSD,68225.1780718936
2024-04-06 18:48:24.725553,68248.3241702381,68202.0319735491,USD,BTCUSD,68225.1780718936
2024-04-06 18:48:26.769540,68248.3241702381,68202.0319735491,USD,BTCUSD,68225.1780718936
2024-04-06 18:48:28.836606,68262.2405061089,68212.1595814367,USD,BTCUSD,68237.2000437728
2024-04-06 18:48:30.887702,68262.2405061089,68212.1595814367,USD,BTCUSD,68237.2000437728
2024-04-06 18:48:32.922316,68262.2405061089,68212.1595814367,USD,BTCUSD,68237.2000437728
2024-04-06 18:48:35.036455,68265.589143292,68214.2096680825,USD,BTCUSD,68239.89940568726
2024-04-06 18:48:37.132744,68265.589143292,68214.2096680825,USD,BTCUSD,68239.89940568726
2024-04-06 18:48:39.171022,68272.1453284389,68227.6248817995,USD,BTCUSD,68249.8851051192
2024-04-06 18:48:41.239153,68272.1453284389,68227.6248817995,USD,BTCUSD,68249.8851051192
2024-04-06 18:48:43.324539,68272.1453284389,68227.6248817995,USD,BTCUSD,68249.8851051192
2024-04-06 18:48:45.366536,68282.2281509063,68230.4751018572,USD,BTCUSD,68256.35162638174
2024-04-06 18:48:47.784525,68282.2281509063,68230.4751018572,USD,BTCUSD,68256.35162638174
2024-04-06 18:48:49.825684,68283.2557152687,68236.0403020156,USD,BTCUSD,68259.64800864214
2024-04-06 18:48:51.866209,68283.2557152687,68236.0403020156,USD,BTCUSD,68259.64800864214
2024-04-06 18:48:54.167659,68283.2557152687,68236.0403020156,USD,BTCUSD,68259.64800864214
2024-04-06 18:48:56.260647,68279.7340898545,68231.9451652527,USD,BTCUSD,68255.83962755359
2024-04-06 18:48:58.316880,68279.7340898545,68231.9451652527,USD,BTCUSD,68255.83962755359
2024-04-06 18:49:00.370756,68284.8049460044,68233.1033424803,USD,BTCUSD,68258.95414424235
2024-04-06 18:49:02.700507,68284.8049460044,68233.1033424803,USD,BTCUSD,68258.95414424235
2024-04-06 18:49:04.727443,68284.8049460044,68233.1033424803,USD,BTCUSD,68258.95414424235
2024-04-06 18:49:06.758822,68292.3120958956,68244.7757677774,USD,BTCUSD,68268.5439318365
2024-04-06 18:49:08.823376,68292.3120958956,68244.7757677774,USD,BTCUSD,68268.5439318365
2024-04-06 18:49:10.921809,68292.3120958956,68244.7757677774,USD,BTCUSD,68268.5439318365
2024-04-06 18:49:12.956629,68314.562771664,68266.1647197075,USD,BTCUSD,68290.36374568575
2024-04-06 18:49:15.043213,68314.562771664,68266.1647197075,USD,BTCUSD,68290.36374568575
2024-04-06 18:49:17.203255,68318.8541884287,68272.5728804165,USD,BTCUSD,68295.7135344226
2024-04-06 18:49:19.272384,68318.8541884287,68272.5728804165,USD,BTCUSD,68295.7135344226
2024-04-06 18:49:21.347128,68318.8541884287,68272.5728804165,USD,BTCUSD,68295.7135344226
2024-04-06 18:49:23.569996,68313.6804536027,68267.5755253549,USD,BTCUSD,68290.6279894788
2024-04-06 18:49:25.605319,68313.6804536027,68267.5755253549,USD,BTCUSD,68290.6279894788
2024-04-06 18:49:27.704014,68301.6201867641,68249.9900518785,USD,BTCUSD,68275.8051193213
2024-04-06 18:49:29.775157,68301.6201867641,68249.9900518785,USD,BTCUSD,68275.8051193213
2024-04-06 18:49:31.842250,68301.6201867641,68249.9900518785,USD,BTCUSD,68275.8051193213
2024-04-06 18:49:33.876849,68295.4254039978,68249.6880884282,USD,BTCUSD,68272.556746213
2024-04-06 18:49:35.903080,68295.4254039978,68249.6880884282,USD,BTCUSD,68272.556746213
2024-04-06 18:49:37.944865,68295.4254039978,68249.6880884282,USD,BTCUSD,68272.556746213
2024-04-06 18:49:39.991272,68314.5695941009,68266.9964035024,USD,BTCUSD,68290.78299880165
2024-04-06 18:49:42.086696,68314.5695941009,68266.9964035024,USD,BTCUSD,68290.78299880165
2024-04-06 18:49:44.112414,68326.6875681071,68281.6812117111,USD,BTCUSD,68304.18438990909
2024-04-06 18:49:46.157206,68326.6875681071,68281.6812117111,USD,BTCUSD,68304.18438990909
2024-04-06 18:49:48.214106,68326.6875681071,68281.6812117111,USD,BTCUSD,68304.18438990909
2024-04-06 18:49:50.283597,68329.3888416564,68285.1579280968,USD,BTCUSD,68307.27338487661
2024-04-06 18:49:52.300616,68329.3888416564,68285.1579280968,USD,BTCUSD,68307.27338487661
2024-04-06 18:49:54.347299,68334.7679726834,68286.6313813438,USD,BTCUSD,68310.6996770136
2024-04-06 18:49:56.400511,68334.7679726834,68286.6313813438,USD,BTCUSD,68310.6996770136
2024-04-06 18:49:58.491137,68334.7679726834,68286.6313813438,USD,BTCUSD,68310.6996770136
2024-04-06 18:50:00.555506,68338.7595544251,68290.7895181652,USD,BTCUSD,68314.77453629515
2024-04-06 18:50:02.678689,68338.7595544251,68290.7895181652,USD,BTCUSD,68314.77453629515
2024-04-06 18:50:04.798086,68338.7595544251,68290.7895181652,USD,BTCUSD,68314.77453629515
2024-04-06 18:50:06.861096,68374.5038684811,68318.1058339725,USD,BTCUSD,68346.3048512268
2024-04-06 18:50:08.921160,68374.5038684811,68318.1058339725,USD,BTCUSD,68346.3048512268
2024-04-06 18:50:11.005916,68366.5686139975,68318.6390010891,USD,BTCUSD,68342.6038075433
2024-04-06 18:50:13.055573,68366.5686139975,68318.6390010891,USD,BTCUSD,68342.6038075433
2024-04-06 18:50:15.182735,68366.5686139975,68318.6390010891,USD,BTCUSD,68342.6038075433
2024-04-06 18:50:17.253120,68366.5686139975,68318.7380034581,USD,BTCUSD,68342.65330872781
2024-04-06 18:50:19.327842,68366.5686139975,68318.7380034581,USD,BTCUSD,68342.65330872781
2024-04-06 18:50:21.423005,68336.0330394687,68290.6439022564,USD,BTCUSD,68313.33847086255
2024-04-06 18:50:23.768754,68336.0330394687,68290.6439022564,USD,BTCUSD,68313.33847086255
2024-04-06 18:50:25.827701,68336.0330394687,68290.6439022564,USD,BTCUSD,68313.33847086255
2024-04-06 18:50:27.873361,68327.115640698,68280.5426716577,USD,BTCUSD,68303.82915617785
2024-04-06 18:50:30.055934,68327.115640698,68280.5426716577,USD,BTCUSD,68303.82915617785
2024-04-06 18:50:32.100824,68327.115640698,68280.5426716577,USD,BTCUSD,68303.82915617785
2024-04-06 18:50:34.151059,68319.0562920652,68276.632031127,USD,BTCUSD,68297.84416159609
2024-04-06 18:50:36.228620,68319.0562920652,68276.632031127,USD,BTCUSD,68297.84416159609
2024-04-06 18:50:38.304749,68313.57845988,68269.2067516951,USD,BTCUSD,68291.39260578755
2024-04-06 18:50:40.429516,68313.57845988,68269.2067516951,USD,BTCUSD,68291.39260578755
2024-04-06 18:50:42.487525,68313.57845988,68269.2067516951,USD,BTCUSD,68291.39260578755
2024-04-06 18:50:44.549957,68328.9299965975,68276.0151690916,USD,BTCUSD,68302.47258284455
2024-04-06 18:50:46.557934,68328.9299965975,68276.0151690916,USD,BTCUSD,68302.47258284455
2024-04-06 18:50:48.596951,68319.2583957134,68276.5330275099,USD,BTCUSD,68297.89571161165
2024-04-06 18:50:50.921506,68319.2583957134,68276.5330275099,USD,BTCUSD,68297.89571161165
2024-04-06 18:50:53.020937,68319.2583957134,68276.5330275099,USD,BTCUSD,68297.89571161165
2024-04-06 18:50:55.297346,68315.8731611559,68274.132188895,USD,BTCUSD,68295.00267502546
2024-04-06 18:50:57.327252,68315.8731611559,68274.132188895,USD,BTCUSD,68295.00267502546
2024-04-06 18:50:59.361080,68319.2583957134,68275.4974755453,USD,BTCUSD,68297.37793562935
2024-04-06 18:51:01.408396,68319.2583957134,68275.4974755453,USD,BTCUSD,68297.37793562935
2024-04-06 18:51:03.452008,68319.2583957134,68275.4974755453,USD,BTCUSD,68297.37793562935
2024-04-06 18:51:05.827144,68335.5523199824,68286.4846704336,USD,BTCUSD,68311.018495208
2024-04-06 18:51:07.921088,68335.5523199824,68286.4846704336,USD,BTCUSD,68311.018495208
2024-04-06 18:51:10.010377,68341.0580261119,68289.7417820906,USD,BTCUSD,68315.39990410124
2024-04-06 18:51:12.458034,68341.0580261119,68289.7417820906,USD,BTCUSD,68315.39990410124
2024-04-06 18:51:14.504536,68341.0580261119,68289.7417820906,USD,BTCUSD,68315.39990410124
2024-04-06 18:51:16.599258,68344.5654884225,68298.1714576819,USD,BTCUSD,68321.36847305219
2024-04-06 18:51:18.656632,68344.5654884225,68298.1714576819,USD,BTCUSD,68321.36847305219
2024-04-06 18:51:20.714466,68344.5654884225,68298.1714576819,USD,BTCUSD,68321.36847305219
2024-04-06 18:51:22.743763,68346.7446013171,68300.7156668411,USD,BTCUSD,68323.7301340791
2024-04-06 18:51:24.785414,68346.7446013171,68300.7156668411,USD,BTCUSD,68323.7301340791
2024-04-06 18:51:26.847978,68368.3194038958,68317.0252620609,USD,BTCUSD,68342.67233297834
2024-04-06 18:51:28.927395,68368.3194038958,68317.0252620609,USD,BTCUSD,68342.67233297834
2024-04-06 18:51:30.973256,68368.3194038958,68317.0252620609,USD,BTCUSD,68342.67233297834
2024-04-06 18:51:33.038510,68365.8688633737,68316.4763271949,USD,BTCUSD,68341.1725952843
2024-04-06 18:51:35.112950,68365.8688633737,68316.4763271949,USD,BTCUSD,68341.1725952843
2024-04-06 18:51:37.124116,68365.8688633737,68316.4763271949,USD,BTCUSD,68341.1725952843
2024-04-06 18:51:39.242011,68378.5662188518,68333.4198122417,USD,BTCUSD,68355.99301554676
2024-04-06 18:51:41.269595,68378.5662188518,68333.4198122417,USD,BTCUSD,68355.99301554676
2024-04-06 18:51:43.558599,68386.3827197964,68336.281013074,USD,BTCUSD,68361.3318664352
2024-04-06 18:51:45.626957,68386.3827197964,68336.281013074,USD,BTCUSD,68361.3318664352
2024-04-06 18:51:47.654449,68386.3827197964,68336.281013074,USD,BTCUSD,68361.3318664352
2024-04-06 18:51:49.689843,68382.871102783,68333.3507209344,USD,BTCUSD,68358.1109118587
2024-04-06 18:51:51.776391,68382.871102783,68333.3507209344,USD,BTCUSD,68358.1109118587
2024-04-06 18:51:53.839323,68373.6247037271,68327.5195019115,USD,BTCUSD,68350.57210281931
2024-04-06 18:51:55.900348,68373.6247037271,68327.5195019115,USD,BTCUSD,68350.57210281931
2024-04-06 18:51:57.967172,68373.6247037271,68327.5195019115,USD,BTCUSD,68350.57210281931
2024-04-06 18:52:00.012653,68372.8823958536,68325.5149625609,USD,BTCUSD,68349.19867920724
2024-04-06 18:52:02.086123,68372.8823958536,68325.5149625609,USD,BTCUSD,68349.19867920724
2024-04-06 18:52:04.120221,68372.8823958536,68325.5149625609,USD,BTCUSD,68349.19867920724
2024-04-06 18:52:06.160548,68362.9130590627,68319.9953332889,USD,BTCUSD,68341.4541961758
2024-04-06 18:52:08.199733,68362.9130590627,68319.9953332889,USD,BTCUSD,68341.4541961758
2024-04-06 18:52:10.509450,68360.169468592,68315.2684807798,USD,BTCUSD,68337.71897468591
2024-04-06 18:52:12.551691,68360.169468592,68315.2684807798,USD,BTCUSD,68337.71897468591
2024-04-06 18:52:14.616674,68360.169468592,68315.2684807798,USD,BTCUSD,68337.71897468591
2024-04-06 18:52:17.101952,68362.4762678935,68314.3775301452,USD,BTCUSD,68338.42689901934
2024-04-06 18:52:19.203732,68362.4762678935,68314.3775301452,USD,BTCUSD,68338.42689901934
2024-04-06 18:52:21.278841,68345.2512347244,68303.6599088484,USD,BTCUSD,68324.45557178641
2024-04-06 18:52:23.404446,68345.2512347244,68303.6599088484,USD,BTCUSD,68324.45557178641
2024-04-06 18:52:25.486831,68345.2512347244,68303.6599088484,USD,BTCUSD,68324.45557178641
2024-04-06 18:52:27.504846,68353.8435555368,68303.6599088484,USD,BTCUSD,68328.75173219261
2024-04-06 18:52:29.556773,68353.8435555368,68303.6599088484,USD,BTCUSD,68328.75173219261
2024-04-06 18:52:31.644723,68347.4519697706,68302.372872012,USD,BTCUSD,68324.9124208913
2024-04-06 18:52:33.690239,68347.4519697706,68302.372872012,USD,BTCUSD,68324.9124208913
2024-04-06 18:52:35.728421,68347.4519697706,68302.372872012,USD,BTCUSD,68324.9124208913
2024-04-06 18:52:37.813817,68346.8709171018,68305.0459479637,USD,BTCUSD,68325.95843253276
2024-04-06 18:52:39.877065,68346.8709171018,68305.0459479637,USD,BTCUSD,68325.95843253276
2024-04-06 18:52:41.992712,68346.8709171018,68305.0459479637,USD,BTCUSD,68325.95843253276
2024-04-06 18:52:44.079022,68351.9083943373,68301.8778577121,USD,BTCUSD,68326.89312602469
2024-04-06 18:52:46.238217,68351.9083943373,68301.8778577121,USD,BTCUSD,68326.89312602469
2024-04-06 18:52:48.362676,68347.6753199654,68302.2501289905,USD,BTCUSD,68324.96272447795
2024-04-06 18:52:50.401835,68347.6753199654,68302.2501289905,USD,BTCUSD,68324.96272447795
2024-04-06 18:52:52.476736,68347.6753199654,68302.2501289905,USD,BTCUSD,68324.96272447795
2024-04-06 18:52:54.694796,68345.1501821433,68299.7257380816,USD,BTCUSD,68322.43796011245
2024-04-06 18:52:56.744414,68345.1501821433,68299.7257380816,USD,BTCUSD,68322.43796011245
2024-04-06 18:52:58.886324,68345.1277596781,68298.9832698041,USD,BTCUSD,68322.0555147411
2024-04-06 18:53:00.977416,68345.1277596781,68298.9832698041,USD,BTCUSD,68322.0555147411
2024-04-06 18:53:03.231507,68345.1277596781,68298.9832698041,USD,BTCUSD,68322.0555147411
2024-04-06 18:53:05.243832,68344.6451547989,68299.7257380816,USD,BTCUSD,68322.18544644024
2024-04-06 18:53:07.289898,68344.6451547989,68299.7257380816,USD,BTCUSD,68322.18544644024
2024-04-06 18:53:09.314727,68374.2310242233,68332.5686055616,USD,BTCUSD,68353.39981489244
2024-04-06 18:53:11.372132,68374.2310242233,68332.5686055616,USD,BTCUSD,68353.39981489244
2024-04-06 18:53:13.401313,68374.2310242233,68332.5686055616,USD,BTCUSD,68353.39981489244
2024-04-06 18:53:15.478565,68367.9483308624,68321.4709428541,USD,BTCUSD,68344.70963685826
2024-04-06 18:53:17.483819,68367.9483308624,68321.4709428541,USD,BTCUSD,68344.70963685826
2024-04-06 18:53:19.542777,68367.9483308624,68321.4709428541,USD,BTCUSD,68344.70963685826
2024-04-06 18:53:21.642955,68370.3404695436,68321.4659930983,USD,BTCUSD,68345.90323132096
2024-04-06 18:53:23.695828,68370.3404695436,68321.4659930983,USD,BTCUSD,68345.90323132096
2024-04-06 18:53:25.755475,68365.7088611231,68317.4262218309,USD,BTCUSD,68341.56754147701
2024-04-06 18:53:27.795976,68365.7088611231,68317.4262218309,USD,BTCUSD,68341.56754147701
2024-04-06 18:53:30.089033,68365.7088611231,68317.4262218309,USD,BTCUSD,68341.56754147701
2024-04-06 18:53:32.144939,68364.3783292617,68317.4262218309,USD,BTCUSD,68340.90227554631
2024-04-06 18:53:34.187559,68364.3783292617,68317.4262218309,USD,BTCUSD,68340.90227554631
2024-04-06 18:53:36.227377,68364.3783292617,68317.4262218309,USD,BTCUSD,68340.90227554631
2024-04-06 18:53:38.284694,68368.0998400735,68320.0455933092,USD,BTCUSD,68344.07271669136
2024-04-06 18:53:40.334756,68368.0998400735,68320.0455933092,USD,BTCUSD,68344.07271669136
2024-04-06 18:53:42.458057,68372.4676059595,68318.9021990501,USD,BTCUSD,68345.6849025048
2024-04-06 18:53:44.736583,68372.4676059595,68318.9021990501,USD,BTCUSD,68345.6849025048
2024-04-06 18:53:46.834887,68372.4676059595,68318.9021990501,USD,BTCUSD,68345.6849025048
2024-04-06 18:53:48.896382,68373.5337556618,68325.5394591806,USD,BTCUSD,68349.5366074212
2024-04-06 18:53:50.934157,68373.5337556618,68325.5394591806,USD,BTCUSD,68349.5366074212
2024-04-06 18:53:53.214841,68374.3520163688,68324.6041367665,USD,BTCUSD,68349.47807656764
2024-04-06 18:53:55.338664,68374.3520163688,68324.6041367665,USD,BTCUSD,68349.47807656764
2024-04-06 18:53:57.364981,68374.3520163688,68324.6041367665,USD,BTCUSD,68349.47807656764
2024-04-06 18:53:59.622680,68374.3520163688,68323.6389351636,USD,BTCUSD,68348.99547576619
2024-04-06 18:54:01.699885,68374.3520163688,68323.6389351636,USD,BTCUSD,68348.99547576619
2024-04-06 18:54:03.823672,68375.6457360115,68325.3070694793,USD,BTCUSD,68350.47640274541
2024-04-06 18:54:05.929646,68375.6457360115,68325.3070694793,USD,BTCUSD,68350.47640274541
2024-04-06 18:54:07.978828,68375.6457360115,68325.3070694793,USD,BTCUSD,68350.47640274541
2024-04-06 18:54:10.011304,68403.3678520217,68354.9767370878,USD,BTCUSD,68379.17229455475
2024-04-06 18:54:12.305444,68403.3678520217,68354.9767370878,USD,BTCUSD,68379.17229455475
2024-04-06 18:54:14.371671,68417.3406825241,68358.6060188886,USD,BTCUSD,68387.97335070635
2024-04-06 18:54:16.416755,68417.3406825241,68358.6060188886,USD,BTCUSD,68387.97335070635
2024-04-06 18:54:18.507224,68417.3406825241,68358.6060188886,USD,BTCUSD,68387.97335070635
2024-04-06 18:54:20.545158,68421.098918064,68369.2769839344,USD,BTCUSD,68395.1879509992
2024-04-06 18:54:22.570573,68421.098918064,68369.2769839344,USD,BTCUSD,68395.1879509992
2024-04-06 18:54:24.660012,68421.098918064,68369.2769839344,USD,BTCUSD,68395.1879509992
2024-04-06 18:54:26.722437,68402.5260983158,68355.8339845398,USD,BTCUSD,68379.1800414278
2024-04-06 18:54:28.745976,68402.5260983158,68355.8339845398,USD,BTCUSD,68379.1800414278
2024-04-06 18:54:30.819729,68402.4098859334,68355.4123427497,USD,BTCUSD,68378.91111434155
2024-04-06 18:54:32.849042,68402.4098859334,68355.4123427497,USD,BTCUSD,68378.91111434155
2024-04-06 18:54:34.898021,68402.4098859334,68355.4123427497,USD,BTCUSD,68378.91111434155
2024-04-06 18:54:36.929416,68401.2477623231,68352.7889153656,USD,BTCUSD,68377.01833884435
2024-04-06 18:54:38.967229,68401.2477623231,68352.7889153656,USD,BTCUSD,68377.01833884435
2024-04-06 18:54:41.035715,68401.2477623231,68352.7889153656,USD,BTCUSD,68377.01833884435
2024-04-06 18:54:43.097462,68407.4924589812,68363.009215094,USD,BTCUSD,68385.2508370376
2024-04-06 18:54:45.158466,68407.4924589812,68363.009215094,USD,BTCUSD,68385.2508370376
2024-04-06 18:54:47.209382,68410.2833751517,68362.2430655234,USD,BTCUSD,68386.26322033755
2024-04-06 18:54:49.279569,68410.2833751517,68362.2430655234,USD,BTCUSD,68386.26322033755
2024-04-06 18:54:51.353550,68410.2833751517,68362.2430655234,USD,BTCUSD,68386.26322033755
2024-04-06 18:54:53.616403,68409.0339979292,68364.8900983503,USD,BTCUSD,68386.96204813974
2024-04-06 18:54:55.687374,68409.0339979292,68364.8900983503,USD,BTCUSD,68386.96204813974
2024-04-06 18:54:57.751504,68410.0612908402,68362.7380708759,USD,BTCUSD,68386.39968085804
2024-04-06 18:54:59.867978,68410.0612908402,68362.7380708759,USD,BTCUSD,68386.39968085804
